2525 3497
1238 194 1264 236 5

270 318 568 372 perambulabis
604 324 714 360 astra
748 317 860 358 sidus
896 315 1085 357 aureum.³
1139 317 1247 358 Nam
1281 332 1362 358 non
1398 316 1538 357 eadem
1572 316 1787 369 utrobique
1816 316 1877 356 vis
1912 321 1974 356 est
2002 314 2223 370 particulae

274 404 341 429 seu
370 389 435 430 vel
463 391 558 440 sive,
597 388 670 429 sed
697 388 921 442 posteriore
949 387 1039 427 loco
1069 387 1161 441 (39)
1191 387 1354 428 alteram
1385 386 1565 427 adnectit
1594 386 1892 436 condicionem,
1926 386 2058 439 priore
2087 390 2223 426 autem

275 460 368 513 (38)
398 459 699 513 exaggerationi
729 459 910 508 inservit,
939 457 991 497 ad
1020 472 1110 497 eum
1139 458 1303 498 modum
1333 472 1412 510 quo
1443 457 1627 497 Tibullus
1657 456 1797 497 scribit
1830 458 1865 506 1,
1886 457 1923 506 6,
1946 457 1995 495 21

714 527 838 567 exibit
868 542 986 580 quam
1018 542 1151 581 saepe,
1180 528 1290 577 time,
1320 541 1389 567 seu
1419 527 1547 567 visere
1577 526 1687 567 dicet

779 611 892 648 sacra
921 598 1052 637 bonae
1081 597 1257 637 maribus
1288 611 1370 636 non
1400 596 1587 636 adeunda
1616 596 1726 636 deae.

279 668 394 719 Quae
428 669 592 707 fuerunt
626 667 694 718 qui
729 681 851 719 prave
887 667 1177 720 intelligerent,
1212 666 1310 706 dicit
1344 671 1477 705 autem
1514 666 1591 706 hoc
1625 663 1824 718 ‘quotiens
1857 666 1980 706 exibit
2008 665 2124 716 time,
2159 666 2224 705 vel

276 743 362 776 tum
392 737 425 776 si
456 750 568 775 sacra
596 736 725 775 bonae
757 736 855 775 deae
886 750 928 775 se
959 736 1067 775 dicet
1096 737 1239 785 visere,
1273 750 1376 787 quae
1405 736 1581 775 maribus
1613 734 1799 774 adeunda
1828 750 1908 774 non
1939 733 2055 775 sunt?
2109 734 2225 774 Idem

277 806 318 846 in
349 805 513 845 alteram
542 805 739 845 rationem
768 805 964 857 particula
992 806 1119 845 utitur
1149 806 1187 855 2,
1208 806 1247 855 4,
1267 805 1319 844 43

715 874 812 925 quin
840 879 911 913 tua
940 879 1025 913 tum
1054 874 1218 913 iuvenes
1249 878 1436 925 spectent
1465 874 1650 913 incendia
1678 874 1786 923 laeti,

777 956 853 982 nec
884 943 1097 995 quisquam
1126 942 1308 982 flammae
1340 942 1503 982 sedulus
1535 942 1659 982 addat
1690 957 1852 994 aquam3

717 1027 789 1053 seu
818 1013 956 1052 veniet
984 1013 1059 1053 tibi
1088 1026 1208 1063 mors,
1237 1025 1313 1051 nec
1342 1012 1418 1051 erit
1446 1012 1516 1064 qui
1545 1012 1683 1066 lugeat
1710 1012 1830 1062 ullus,

778 1095 853 1121 nec
884 1082 953 1133 qui
983 1082 1052 1121 det
1081 1087 1255 1122 maestas
1285 1095 1430 1121 munus
1460 1082 1502 1121 in
1532 1082 1735 1134 exequias.

276 1153 316 1194 h.
341 1168 375 1194 e.
404 1150 609 1193 ‘incendia
639 1156 822 1206 spectent
851 1151 958 1203 laeti,
988 1151 1051 1191 vel
1082 1152 1115 1191 si
1143 1151 1218 1191 tibi
1247 1165 1354 1192 mors
1379 1151 1526 1203 veniet,
1555 1165 1673 1191 nemo
1704 1152 1756 1192 sit
1785 1151 1854 1204 qui
1883 1148 2043 1204 lugeat.’
2085 1149 2227 1192 Simile

277 1237 405 1275 genus
441 1224 483 1261 in
512 1223 713 1274 Propertii
748 1222 886 1274 elegiis
915 1222 1201 1261 Lachmannus
1231 1222 1467 1274 perstrinxit
1495 1236 1534 1273 p.
1561 1223 1654 1270 1023
1693 1236 1823 1273 neque
1853 1236 1971 1261 secus
2003 1220 2159 1260 Seneca
2187 1221 2227 1259 in

279 1291 456 1331 Hercule
487 1290 644 1332 Oetaeo
669 1291 772 1329 1653

718 1374 834 1400 arcus
864 1360 1062 1412 poposcit.
1094 1359 1232 1412 accipe
1262 1359 1377 1410 haec,
1406 1359 1548 1411 inquit,
1580 1364 1665 1400 sate

601 1476 603 1478 ¹
717 1429 897 1469 Poeante
928 1429 1035 1469 dona
1064 1435 1104 1468 et
1133 1443 1278 1469 munus
1308 1428 1478 1469 Alcidae
1507 1443 1616 1482 cape.

558 1500 661 1538 1650
717 1498 791 1538 has
821 1498 952 1551 hydra
981 1500 1119 1549 sensit,
1149 1499 1212 1539 his
1241 1499 1372 1538 iacent
1403 1498 1706 1551 Stymphalides

720 1574 761 1607 et
791 1568 991 1620 quidquid
1021 1569 1130 1608 aliud
1160 1570 1314 1608 eminus
1344 1568 1425 1607 vici
1453 1568 1614 1608 malum.

718 1637 882 1676 victrice
912 1637 1006 1676 felix
1036 1638 1206 1688 iuvenis,
1236 1639 1309 1679 has
1339 1653 1559 1690 numquam
1589 1638 1720 1678 irritas

719 1709 856 1748 mittes
885 1709 926 1747 in
956 1709 1128 1757 hostem,
1159 1709 1244 1747 sive
1274 1708 1323 1747 de
1356 1707 1488 1747 media
1517 1707 1629 1747 voles

721 1777 875 1817 auferre
905 1777 1092 1817 volucres
1123 1776 1243 1827 nube,
1273 1776 1522 1817 descendent
1551 1790 1659 1816 aves.

278 1847 327 1888 In
358 1846 504 1899 quibus
525 1846 709 1887 versibus
739 1846 934 1900 quidquid
963 1846 1155 1888 statuitur
1184 1846 1234 1886 de
1255 1846 1388 1887 verbis
1414 1848 1568 1886 victrice
1584 1846 1692 1898 felia:
1712 1846 1857 1898 (1652)
1889 1846 2034 1898 quibus
2057 1845 2125 1885 Fr.
2143 1845 2230 1885 Leo

281 1931 442 1956 crucem
472 1917 672 1969 appinxit,
706 1917 823 1956 nobis
853 1932 935 1955 non
965 1917 1100 1968 inepte
1131 1916 1379 1956 Philoctetes
1411 1918 1479 1967 qui
1508 1917 1694 1955 Paridem
1725 1917 1875 1968 sagitta
1904 1916 2051 1955 occidit
2079 1918 2232 1955 victrice

282 1989 463 2039 (saqitta)
491 1986 594 2036 felix
629 1989 775 2026 iuvenis
813 1987 1007 2039 appellari
1041 1986 1214 2036 videtur,
1251 1993 1290 2027 et
1328 1987 1437 2027 miris
1478 1986 1608 2027 modis
1648 1985 1710 2026 his
1746 1984 1928 2026 versibus
1965 1991 2005 2025 et
2039 1984 2231 2038 proximis

280 2070 416 2106 arcus,
451 2060 621 2107 utroque
652 2069 819 2095 numero
851 2056 1017 2109 (1656),
1053 2060 1091 2095 et
1120 2057 1302 2108 suffinae,
1332 2055 1504 2108 denique
1532 2055 1742 2109 pharetrae
1772 2055 1911 2107 (1720.
1942 2055 2012 2107 22)
2048 2054 2151 2093 inter
2188 2068 2230 2094 se

280 2125 519 2175 miscentur,
554 2124 626 2164 sed
661 2124 860 2177 quidquid
895 2125 944 2164 de
974 2125 1052 2164 illis
1082 2125 1216 2164 verbis
1246 2126 1466 2175 iudicatur,
1500 2127 1575 2164 sive
1605 2125 1752 2176 (1653)
1783 2124 1821 2162 h.
1846 2138 1879 2162 e.
1912 2125 1971 2162 vel
1997 2126 2034 2162 si
2060 2138 2141 2162 non
2171 2130 2233 2163 est

283 2194 392 2246 quod
422 2200 491 2233 aut
519 2200 697 2233 mutetur
727 2201 796 2233 aut
825 2195 993 2234 alterum
1022 2197 1099 2233 sive
1128 2194 1392 2233 desideretur.

468 2264 537 2302 Ad
575 2265 737 2303 Horatii
781 2279 941 2303 carmen
982 2264 1089 2303 unde
1134 2266 1266 2304 exorsi
1307 2279 1443 2304 sumus
1483 2265 1738 2312 revertimur;
1784 2264 1897 2304 cuius
1940 2263 2231 2316 paenultimam

280 2332 490 2386 stropham

724 2402 813 2454 quis
843 2403 1019 2441 Martem
1048 2403 1184 2441 tunica
1213 2408 1366 2441 tectum
1396 2402 1653 2441 adamantina

722 2472 844 2524 digne
875 2473 1095 2523 scripserit,
1125 2479 1194 2511 aut
1224 2473 1390 2524 pulvere
1420 2473 1569 2510 Troico

616 2542 663 2581 15
721 2541 882 2594 nigrum
912 2540 1138 2592 Merionen,
1169 2546 1239 2581 aut
1269 2556 1347 2594 ope
1377 2540 1557 2581 Palladis

721 2610 907 2664 Tydiden
940 2611 1095 2664 superis
1125 2610 1291 2664 parem?

282 2681 545 2733 Peerlcampo
582 2681 812 2720 adsentiens
842 2680 1046 2732 Hauptius
1087 2682 1307 2721 secluserat
1341 2688 1386 2720 ut
1419 2683 1614 2734 spuriam,
1650 2697 1723 2721 nos
1754 2682 1991 2722 Buecheleri
2026 2688 2065 2720 et
2093 2682 2234 2721 Kiess-

285 2750 400 2803 lingii
428 2762 496 2788 vv.
528 2760 593 2788 cc.
625 2748 783 2788 iudiciis
814 2749 997 2789 obsecuti
1026 2750 1347 2802 interpolationis
1376 2751 1523 2790 indicio
1554 2752 1830 2800 liberavimus3
1869 2751 1941 2791 sed
1971 2752 2010 2790 in
2040 2751 2235 2803 interpre-

282 2818 407 2860 tando
429 2818 478 2859 ab
499 2818 658 2858 illorum
680 2818 798 2858 etiam
819 2819 924 2859 inter
945 2833 987 2859 se
1009 2818 1291 2859 dissidentium
1312 2820 1512 2860 sententia
1531 2820 1738 2873 paululum
1761 2820 2018 2862 discedimus.
2051 2820 2235 2873 Quorum

284 2887 558 2940 Kiesslingius
590 2888 750 2939 (Philol.
775 2887 1078 2941 Umersuclcuny.
1100 2903 1139 2941 p.
1158 2890 1230 2941 97)
1261 2889 1371 2940 quod
1399 2889 1461 2928 his
1482 2890 1617 2929 verbis
1647 2890 1846 2943 legentem
1873 2892 2053 2929 revocari
2079 2892 2129 2930 ad
2152 2892 2236 2930 Va-

283 2958 386 2997 rium
406 2956 520 2995 initio
542 2957 729 2997 carminis
750 2956 957 2995 laudatum
978 2958 1148 3009 putavit,
1178 2963 1223 2996 ut
1243 2958 1459 3010 largiamur
1478 2958 1520 2997 id
1541 2958 1634 2998 huic
1654 2959 1742 2998 loco
1764 2965 2079 2999 consentaneum
2098 2960 2236 3010 fuisse,

289 3026 366 3066 hac
395 3025 723 3079 interrogationis
753 3026 893 3076 forma,
922 3026 1071 3079 quippe
1102 3040 1205 3077 quae
1231 3027 1312 3067 vim
1342 3027 1487 3068 habeat
1516 3028 1758 3081 negativam,
1787 3028 1829 3068 id
1858 3028 1943 3069 fieri
1973 3043 2054 3069 non
2083 3029 2237 3083 potuit:
