2525 3497
1217 196 1275 240 14

267 327 306 362 et
338 320 416 361 hoc
446 321 514 361 ille
545 320 771 362 consultius
799 319 993 370 instituit,
1029 334 1152 373 quam
1182 320 1251 374 qui
1279 320 1439 374 integro
1470 334 1590 361 versu
1611 321 1678 372 91,
1713 320 1809 373 quia
1837 334 1862 361 a
1890 324 2005 374 parte
2033 319 2230 362 librorum

264 392 396 442 abest,
425 391 577 433 omisso
609 396 798 431 constare
828 404 950 444 posse
982 391 1205 431 orationem
1236 391 1313 432 sibi
1342 396 1649 443 persuaserunt:

683 460 858 501 oderunt
886 459 1056 500 hilarem
1086 461 1221 501 tristes
1250 461 1489 512 tristemque
1518 460 1660 510 iocosi,

571 531 625 570 90
682 529 869 570 sedatum
901 529 1068 580 celeres,
1098 528 1243 582 agilem
1274 542 1531 582 gnavumque
1561 528 1736 579 remissi,

571 600 623 638 92
683 598 858 638 oderunt
888 604 1077 651 porrecta
1104 603 1323 652 negantem
1353 598 1512 651 pocula,
1543 598 1728 650 quamvis
1759 622 1809 628 —

262 668 353 708 Etsi
390 668 495 709 enim
528 681 577 707 ex
605 669 797 720 porrectis
822 668 979 721 poculis
1010 668 1145 720 aliquo
1175 666 1296 707 modo
1328 667 1431 707 effici
1458 667 1590 719 possit
1619 680 1737 718 quem
1767 680 1926 707 osorem
1956 667 2067 707 dicat
2097 672 2231 720 poeta,

263 744 400 778 tamen
438 738 480 777 in
518 737 595 777 hoc
634 737 926 778 sententiarum
965 736 1139 778 decursu
1176 736 1255 776 hoc
1292 737 1386 777 satis
1424 751 1504 776 non
1542 741 1645 787 erat,
1681 750 1812 788 neque
1850 736 1960 788 quod
1993 736 2034 776 in
2074 737 2230 789 aliquot

264 807 476 847 codicibus
514 822 549 846 v.
573 809 623 847 91
655 821 738 847 non
774 813 907 847 exstat
943 807 1022 846 nisi
1058 806 1109 845 ad
1144 806 1298 846 librarii
1333 820 1508 846 errorem
1544 806 1674 846 redire
1704 806 1865 846 videtur
1898 806 2018 845 simili
2057 805 2229 846 duorum

264 890 456 915 versuum
494 877 776 915 continuorum
812 877 927 915 initio
964 877 1135 927 (potores
1167 899 1216 905 —
1248 876 1430 926 oderunt)
1467 875 1638 927 decepti.
1699 874 1783 914 Sed
1816 875 2048 914 Meinekius
2084 876 2230 914 iterum

266 945 377 986 edito
407 945 582 986 Horatio
619 959 698 997 quo
734 945 864 998 magis
901 944 1111 996 pristinam
1147 958 1261 984 suam
1291 944 1524 996 opinionem
1554 944 1751 985 stabiliret
1784 944 1884 984 haec
1919 943 2128 986 adnotavit
2163 947 2229 998 (in

264 1015 514 1068 praefatione
551 1029 590 1068 p.
616 1015 809 1066 xxxvm)
845 1011 1019 1053 ‘oderunt
1054 1017 1151 1065 post
1184 1026 1338 1065 paucos
1373 1026 1514 1053 versus
1549 1013 1660 1053 nulla
1694 1026 1786 1053 cum
1820 1013 1861 1053 vi
1895 1015 2109 1067 repetitum
2143 1029 2225 1055 non

263 1085 394 1138 magis
428 1085 587 1137 placere
620 1089 755 1136 potest
785 1097 906 1134 quam
936 1096 1110 1135 operosa
1141 1082 1336 1135 simplicis
1366 1083 1591 1121 sententiae
1621 1082 1906 1135 amplificatio?
1964 1083 2079 1135 Quae
2109 1085 2226 1124 facile

262 1154 573 1207 redarguuntur,
609 1159 654 1193 ut
688 1153 831 1193 mirere
866 1152 965 1191 talia
1002 1167 1025 1191 a
1058 1157 1172 1192 tanto
1203 1152 1289 1191 viro
1320 1152 1549 1204 argumenti
1578 1152 1669 1192 loco
1700 1151 1833 1192 afferri
1861 1154 2056 1205 potuisse.
2115 1154 2223 1194 Nam

262 1238 352 1263 eum
388 1221 610 1275 ‘operosam
647 1222 839 1274 simplicis
876 1221 1099 1261 sententiae
1135 1219 1503 1272 amplificationem'
1536 1221 1674 1271 iactat,
1709 1236 1790 1260 non
1826 1222 1927 1262 vidit
1964 1223 2085 1273 illud,
2122 1224 2223 1263 mira

259 1292 544 1345 aequabilitate
581 1291 685 1331 hanc
720 1291 945 1330 orationem
980 1290 1109 1329 nitere
1139 1304 1219 1341 qua
1248 1294 1412 1342 potores
1441 1290 1567 1329 bibuli
1597 1289 1647 1329 de
1677 1290 1809 1330 media
1837 1296 1957 1331 nocte
1986 1291 2151 1332 Falerni
2181 1297 2223 1332 et

261 1376 310 1401 ex
346 1361 473 1400 altera
505 1365 623 1414 parte
657 1361 692 1400 is
729 1360 797 1412 qui
831 1364 1019 1413 porrecta
1053 1358 1200 1412 pocula
1233 1365 1355 1412 neget
1385 1359 1539 1399 iuratus
1570 1373 1613 1399 se
1643 1364 1863 1401 nocturnos
1894 1367 2056 1414 tepores
2085 1362 2221 1402 formi-

260 1431 354 1471 dare
390 1432 505 1482 quasi
542 1431 661 1471 unius
700 1430 869 1470 actionis
904 1429 1123 1482 participes
1159 1434 1474 1481 componuntur3
1510 1430 1678 1469 oderunt
1714 1435 1847 1469 autem
1882 1431 2051 1471 verbum
2087 1432 2219 1484 aptius

258 1506 345 1539 erat
373 1501 415 1539 in
445 1500 639 1552 ampliore
669 1499 789 1539 huius
821 1499 995 1551 exempli
1025 1499 1343 1538 conformatione
1373 1499 1519 1550 repeti,
1550 1512 1597 1537 ac
1627 1499 1730 1538 solet
1757 1498 1952 1539 Horatius
1982 1500 2103 1540 etiam
2132 1501 2219 1541 sine

258 1569 297 1607 vi
331 1569 414 1608 ulla
448 1569 512 1608 bis
546 1582 697 1621 ponere
729 1569 853 1608 verba
882 1568 923 1606 in
954 1568 1210 1619 comparibus
1241 1568 1479 1616 enuntiatis,
1514 1568 1625 1607 velut
1653 1572 1698 1606 ut
1726 1582 1856 1620 pauca
1886 1568 2099 1609 afferamus
2131 1569 2217 1610 Sat.

260 1639 297 1687 1,
326 1639 363 1688 7,
391 1638 442 1677 23

955 1704 1095 1743 laudat
1123 1705 1294 1744 Brutum
1324 1705 1544 1756 laudatque
1575 1705 1797 1755 cohortem,

676 1775 803 1815 solem
831 1775 954 1815 Asiae
984 1774 1157 1815 Brutum
1188 1774 1367 1827 adpellat
1398 1774 1616 1827 stellasque
1647 1774 1826 1815 salubres

675 1845 853 1899 adpellat
883 1845 1051 1885 comites
1083 1850 1254 1898 excepto
1285 1844 1411 1897 Rege.

258 1917 337 1970 Ep.
366 1919 399 1966 1,
423 1918 459 1965 7,
481 1917 531 1955 25

675 1984 821 2036 quodsi
853 1999 916 2023 me
946 1984 1061 2023 noles
1092 1997 1261 2035 usquam
1293 1983 1517 2033 discedere,
1546 1983 1693 2024 reddes

671 2055 775 2093 forte
804 2054 925 2103 latus,
955 2053 1094 2106 nigros
1125 2058 1298 2105 angusta
1328 2054 1458 2092 fronte
1489 2054 1672 2105 capillos,

674 2122 819 2163 reddes
850 2122 966 2161 dulce
996 2122 1122 2173 loqui,
1153 2120 1300 2161 reddes
1330 2120 1460 2161 ridere
1492 2121 1697 2162 decorum.

256 2193 318 2234 Cf.
351 2194 429 2246 Ep.
457 2195 491 2243 1,
518 2195 552 2243 l,
574 2195 638 2232 95.
662 2194 726 2231 97.
784 2191 863 2245 Ep.
887 2192 926 2241 2,
947 2192 986 2241 2,
1008 2192 1061 2230 20

672 2262 754 2301 dixi
785 2276 847 2301 me
878 2262 1039 2314 pigrum
1070 2260 1345 2314 proficiscenti
1374 2261 1461 2310 tibi,
1492 2260 1574 2300 dixi

671 2331 822 2371 talibus
853 2330 996 2370 officiis
1026 2344 1155 2382 prope
1185 2343 1385 2368 mancum.

252 2407 292 2441 et
321 2401 470 2443 ibidem
505 2402 581 2442 133

672 2470 797 2511 comis
827 2470 868 2510 in
897 2483 1078 2520 uxorem,
1107 2473 1250 2522 posset
1279 2468 1347 2521 qui
1376 2468 1588 2522 ignoscere
1618 2469 1744 2510 servis

671 2545 710 2578 et
740 2540 857 2592 signo
887 2540 997 2578 laeso
1026 2553 1110 2578 non
1141 2539 1318 2578 insanire
1347 2539 1532 2591 lagenae,

668 2615 810 2662 posset
839 2610 908 2660 qui
938 2623 1078 2660 rupem
1108 2615 1148 2647 et
1175 2614 1342 2660 puteum
1373 2608 1500 2646 vitare
1529 2613 1747 2660 patentem.

253 2679 529 2729 Quamobrem
564 2679 627 2718 his
662 2677 827 2729 quidem
863 2677 1111 2730 argumentis
1148 2691 1230 2716 non
1266 2682 1423 2716 tantum
1458 2675 1619 2726 damus,
1654 2683 1700 2716 ut
1728 2691 1889 2717 versum
1918 2677 2085 2718 destitui
2115 2678 2212 2718 veli-

251 2762 359 2798 mus,
394 2762 474 2800 quo
506 2747 638 2787 deleto
675 2745 803 2787 oratio
837 2745 1006 2800 pulchre
1036 2745 1277 2787 concinnata
1306 2744 1517 2798 insigniter
1545 2744 1805 2799 depravetur3
1842 2760 1972 2799 neque
2002 2747 2131 2802 magis
2162 2761 2209 2788 eo

250 2823 489 2870 argumento
524 2831 735 2856 movemur
769 2830 850 2867 quo
881 2815 1078 2854 Meinekii
1115 2817 1293 2855 rationes
1331 2815 1612 2854 confirmatum
1650 2816 1721 2854 ivit
1748 2816 1973 2868 Hauptius:
2012 2817 2082 2868 qui
2116 2831 2210 2869 pro-

247 2888 380 2927 fectus
407 2901 429 2925 a
447 2886 701 2926 Lachmanni
728 2885 941 2934 sententia,
968 2885 1175 2924 Meinekio
1201 2899 1364 2936 quoque
1385 2898 1629 2937 magnopere
1649 2886 1821 2937 probata
1844 2887 1988 2938 (praef.
2010 2901 2049 2938 p.
2066 2889 2210 2938 XXIV),

248 2970 329 3009 qua
366 2954 400 2996 is
439 2953 615 3009 negabat
649 2953 1042 2995 Horatium-versus
1080 2967 1176 2995 suos
1214 2953 1291 2995 nisi
1331 2952 1434 2994 certi
1470 2952 1626 2995 consilii
1660 2967 1784 2996 causa
1818 2954 1984 3007 iterare,
2021 2954 2211 3009 quoniam

245 3030 386 3065 nostro
417 3024 560 3065 similis
592 3036 731 3064 versus
768 3023 863 3063 alibi
891 3023 1041 3077 legitur
1070 3023 1159 3063 loco
1188 3023 1439 3074 necessario,
1474 3023 1685 3076 repetendi
1714 3028 1848 3065 autem
1878 3024 2092 3065 consilium
2122 3024 2210 3064 nul-
