2525 3497
1251 193 1306 234 16

688 313 877 355 Fufidius
908 328 1065 368 vappae
1095 314 1244 355 famam
1272 314 1388 355 timet
1417 327 1464 355 ac
1494 314 1731 365 nebulonis:

690 384 833 436 quinas
862 384 930 423 hic
959 384 1082 437 capiti
1111 384 1321 424 mercedes
1352 390 1515 424 exsecat
1544 390 1664 437 atque

584 454 631 490 15
691 459 844 502 quanto
871 453 1073 505 ‘perditior
1103 455 1276 504 quisque
1291 460 1381 509 «est,
1410 459 1523 491 tanto
1553 454 1684 493 acrius
1713 459 1871 505 urguet.

297 519 368 561 Sic
398 520 499 561 haec
521 521 756 562 Meinekius
787 521 915 562 edidit
945 522 995 561 de
1015 522 1188 574 Hauptii
1218 529 1370 571 mente3
1400 537 1532 573 neque
1563 522 1782 575 quidquam
1813 522 2067 563 desideratur
2096 524 2137 562 in
2167 538 2259 563 sen-

297 590 444 640 tentia,
475 589 548 630 sed
578 597 713 630 tamen
744 605 793 631 ne
824 596 944 631 aucta
974 590 1136 643 quidem
1167 606 1288 632 versu
1319 606 1438 644 quem
1467 591 1559 632 libri
1587 591 1738 632 habent
1765 591 1979 644 displicere
2009 597 2194 644 possunt.

584 660 633 696 12
691 660 879 698 Fufidius
910 673 1068 712 vappae
1097 660 1248 698 famam
1278 660 1393 698 timet
1423 672 1471 698 ac
1500 660 1726 710 nebulonis,

611 753 660 758 —
694 729 808 767 dives
841 730 963 782 agris,
994 729 1107 767 dives
1138 730 1285 782 positis
1315 730 1355 767 in
1385 730 1521 768 fenore
1550 730 1742 768 nummis:

585 799 635 836 14
693 798 837 849 quinas
867 798 933 837 hic
963 799 1083 850 capiti
1115 798 1321 838 mercedes
1352 804 1514 838 exsecat
1545 823 1594 829 --

297 864 405 905 Nam
438 871 479 905 et
507 871 617 906 recte
638 865 825 907 Fufidius
855 867 968 907 dives
998 866 1119 906 homo
1149 866 1375 919 appellatur
1403 881 1535 919 neque
1564 867 1701 920 inepte
1731 867 1832 908 ratio
1862 867 2089 907 divitiarum
2112 866 2259 920 duplex

299 934 516 986 indicatur,
552 949 631 987 quo
666 936 786 976 modo
823 935 908 976 Sat.
939 938 981 986 2,
1008 936 1051 986 3,
1076 937 1154 975 184
1190 936 1371 976 oratione
1406 935 1525 975 simili
1561 935 1632 976 sed
1666 936 1706 975 in
1743 937 1982 977 sententiam
2018 936 2259 977 contrariam

301 1005 602 1057 coniunguntur

691 1074 825 1114 nudus
855 1074 977 1127 agris,
1007 1073 1139 1113 nudus
1169 1074 1356 1123 nummis,
1384 1073 1540 1123 insane,
1569 1074 1761 1126 paternis.

298 1142 429 1180 Immo
459 1142 670 1181 interiecto
697 1156 818 1182 versu
838 1144 902 1192 13,
934 1143 1003 1194 qui
1032 1142 1083 1181 ad
1103 1142 1255 1181 Fufidii
1284 1156 1430 1181 nomen
1460 1142 1598 1182 referri
1625 1142 1774 1182 rectius
1805 1156 1924 1194 quam
1956 1156 2048 1183 cum
2077 1143 2260 1196 proxima

300 1211 501 1249 sententia
542 1210 583 1249 in
623 1211 703 1251 vim
746 1211 1026 1252 concessivam
1066 1211 1250 1251 connecti
1288 1210 1467 1260 videtur,
1511 1210 1763 1251 commodius
1798 1211 1920 1264 paulo
1956 1226 2077 1263 quam
2115 1212 2258 1252 eodem

298 1279 448 1318 omisso
479 1281 607 1318 oratio
638 1294 662 1318 a
690 1281 929 1332 pronomine
959 1281 1021 1319 hic
1046 1282 1137 1332 (14)
1168 1279 1329 1319 ordiens
1355 1280 1504 1318 Fufidii
1534 1279 1731 1318 rationem
1762 1294 1843 1332 qua
1870 1281 2081 1321 nebulonis
2111 1281 2258 1320 famam

298 1348 427 1387 vitare
459 1348 596 1388 studet
625 1350 893 1402 persequitur.
953 1350 1080 1400 Atqui
1112 1349 1218 1388 idem
1250 1362 1388 1389 versus
1419 1349 1458 1387 in
1491 1354 1576 1388 arte
1607 1349 1767 1400 poetica
1795 1349 1945 1403 legitur

692 1424 738 1458 ut
767 1432 916 1472 praeco
947 1418 998 1457 ad
1028 1432 1182 1458 merces
1212 1418 1372 1458 turbam
1405 1418 1474 1470 qui
1504 1417 1615 1470 cogit
1645 1417 1849 1470 emendas,

553 1489 635 1528 420
693 1488 974 1528 adsentatores
1004 1488 1116 1528 iubet
1145 1488 1197 1527 ad
1225 1488 1381 1527 lucrum
1411 1488 1468 1527 ire
1498 1494 1633 1540 poeta,

695 1557 808 1597 dives
840 1558 963 1610 agris,
993 1557 1107 1596 dives
1136 1558 1282 1609 positis
1314 1558 1354 1595 in
1384 1558 1523 1596 fenore
1553 1557 1746 1605 nummis;

299 1626 368 1667 ubi
409 1641 500 1666 cum
543 1627 687 1668 abesse
731 1642 811 1667 non
852 1627 1001 1679 possit,
1045 1641 1094 1666 ne
1130 1626 1191 1667 bis
1227 1626 1366 1667 eadem
1400 1626 1596 1667 Horatius
1630 1626 1741 1667 nullo
1778 1641 1867 1667 cum
1905 1628 2072 1669 consilio
2111 1628 2260 1670 dixisse

299 1696 499 1746 videatur,
534 1710 584 1735 ex
620 1701 705 1735 arte
740 1696 980 1736 translatum
1017 1695 1200 1735 iudicant
1234 1696 1276 1735 in
1306 1696 1482 1736 satiram.
1542 1694 1626 1736 Sed
1657 1695 1725 1748 qui
1753 1695 1865 1735 nullo
1895 1695 2058 1737 decreto
2088 1712 2261 1751 occupa-

300 1770 366 1804 tus
398 1771 614 1817 utrumque
643 1766 777 1804 locum
806 1765 1091 1817 ponderaverit
1121 1771 1161 1804 et
1190 1765 1269 1804 hoc
1297 1765 1491 1817 imprimis
1521 1765 1788 1817 inquisiverit,
1820 1766 2011 1817 quoniam
2040 1766 2147 1806 idem
2172 1781 2261 1807 ver-

302 1849 372 1874 sus
402 1835 464 1874 bis
495 1835 679 1884 recurrit,
708 1835 788 1873 utri
818 1849 955 1873 eorum
985 1835 1166 1873 locorum
1195 1835 1325 1887 primo
1356 1833 1683 1874 accommodatus
1711 1834 1843 1884 fuerit,
1874 1848 1966 1874 cum
1991 1835 2032 1874 in
2058 1840 2143 1875 arte
2163 1850 2260 1889 poe-

301 1904 384 1943 tica
419 1909 542 1957 poeta
577 1904 690 1944 dives
729 1903 966 1958 designetur
1002 1904 1073 1944 sed
1110 1909 1156 1944 ut
1192 1918 1320 1958 genus
1360 1903 1588 1943 divitiarum
1622 1903 1723 1943 nihil
1758 1903 1810 1943 ad
1843 1918 1928 1944 rem
1965 1905 2184 1958 pertineat,
2218 1906 2259 1946 in

302 1974 426 2012 satira
458 1979 592 2012 autem
623 1974 673 2011 de
703 1974 840 2012 fenore
872 1980 912 2012 et
940 1974 1166 2011 feneratore
1197 1979 1355 2026 agatur,
1390 1974 1642 2026 probabilius
1672 1986 1761 2011 esse
1791 1973 1996 2024 fatebitur,
2032 1988 2082 2012 ex
2111 1975 2260 2013 satirae

302 2044 505 2082 sententia
540 2048 677 2081 natam
713 2043 832 2081 istam
868 2056 1008 2081 versus
1043 2043 1211 2081 formam
1250 2056 1358 2091 esse,
1402 2042 1474 2081 sed
1510 2042 1699 2091 eandem,
1740 2042 1833 2092 quia
1867 2048 2014 2093 poetae
2051 2044 2093 2081 in
2128 2050 2261 2083 mente

301 2110 515 2162 haerebat,
560 2110 683 2151 missa
720 2110 958 2151 feneratoris
995 2110 1182 2161 notione,
1223 2109 1274 2150 ad
1311 2109 1476 2150 divitem
1513 2115 1675 2162 poetam
1715 2108 1987 2151 denotandum
2025 2110 2258 2152 adhibitam.

301 2180 367 2220 Ita
401 2181 433 2220 si
470 2180 585 2232 origo
620 2180 764 2220 horum
794 2194 982 2220 versuum
1020 2180 1271 2233 geminorum
1301 2184 1409 2219 recte
1440 2179 1678 2232 explicatur,
1713 2193 1955 2231 quamquam
1987 2182 2260 2222 concessimus

301 2250 342 2288 in
373 2250 498 2290 satira
527 2263 689 2289 versum
719 2263 802 2288 non
832 2249 1020 2301 flagitari,
1050 2255 1184 2289 tamen
1215 2248 1474 2288 retinebimus
1503 2255 1548 2288 ut
1574 2261 1711 2287 verum
1741 2261 1816 2288 nec
1844 2248 2144 2302 interpolatoris
2175 2265 2261 2290 ma-

301 2333 397 2357 num
428 2318 699 2372 agnoscimus,
730 2332 850 2369 quem
883 2318 981 2369 quid
1010 2318 1182 2356 maxime
1212 2318 1395 2366 moverit,
1425 2322 1471 2355 ut
1500 2330 1661 2356 versum
1692 2330 1741 2355 ex
1771 2322 1857 2357 arte
1887 2318 2048 2370 poetica
2076 2318 2118 2357 in
2147 2318 2259 2359 illum

301 2389 435 2428 locum
466 2387 706 2427 transferret
735 2401 814 2426 non
845 2387 961 2426 facile
991 2386 1216 2440 dispicitur.

491 2457 637 2496 Restat
665 2471 770 2496 unus
800 2471 941 2496 versus
971 2457 1039 2507 qui
1069 2457 1164 2507 quia
1193 2455 1353 2495 duobus
1383 2455 1483 2495 locis
1513 2456 1661 2507 legitur
1690 2455 1818 2495 altero
1850 2457 2003 2496 secludi
2036 2458 2149 2497 solet.
2208 2458 2258 2497 In

303 2526 475 2579 epistola,
505 2525 608 2564 enim
638 2525 768 2577 prima
796 2524 899 2564 haec
929 2525 1081 2577 scripta
1110 2530 1205 2564 sunt
1234 2524 1274 2563 in
1304 2524 1417 2564 libris

695 2591 729 2632 ‘o
760 2593 882 2644 cives,
913 2594 1036 2643 cives,
1067 2593 1301 2645 quaerenda
1330 2593 1502 2645 pecunia
1530 2594 1701 2647 primum
1732 2601 1806 2646 est,

697 2663 825 2702 virtus
854 2668 950 2714 post
979 2661 1192 2702 nummos?
1221 2663 1323 2702 haec
1352 2662 1475 2702 Ianus
1505 2677 1684 2703 summus
1713 2665 1763 2703 ab
1792 2665 1873 2703 imo

590 2734 641 2771 55
698 2730 910 2784 prodocet,
941 2730 1040 2770 haec
1068 2732 1253 2770 recinunt
1280 2731 1444 2770 iuvenes
1475 2731 1627 2772 dictata
1654 2745 1849 2783 senesque

618 2825 668 2831 —
699 2800 815 2840 laevo
847 2800 1032 2852 suspensi
1061 2800 1217 2840 loculos
1246 2799 1506 2851 tabulamque
1535 2800 1700 2841 lacerto.

303 2872 369 2912 Ex
405 2871 552 2922 quibus
581 2870 813 2909 Meinekius
848 2870 889 2908 in
925 2875 1094 2921 utraque
1130 2869 1303 2908 editione
1334 2883 1495 2908 versum
1523 2871 1574 2907 56
1610 2869 1775 2920 delevit,
1814 2870 1961 2923 quippe
1997 2885 2114 2922 quem
2148 2868 2258 2910 ‘male

304 2940 447 2981 sedula
481 2953 623 2978 manus
660 2953 708 2977 ex
745 2937 830 2978 Sat.
865 2941 900 2988 1,
931 2940 973 2988 6,
1001 2940 1052 2977 74
1087 2939 1127 2977 in
1162 2938 1270 2977 hunc
1304 2938 1439 2977 locum
1473 2938 1747 2978 transtulerit.'
1807 2939 2056 2978 Meinekium
2093 2944 2257 2980 secutus

303 3010 509 3064 Hauptius
541 3008 668 3062 (apud
688 3008 903 3061 Belgerum
932 3008 957 3047 l.
982 3009 1037 3060 c.)
1068 3022 1227 3047 versum
1257 3009 1376 3048 istum
1408 3008 1448 3047 in
1479 3008 1651 3061 epistola
1681 3008 1899 3050 absurdum
1930 3022 2018 3050 esse
2044 3009 2258 3050 affirmavit
