2525 3497
1252 204 1277 246 8

284 324 366 365 Sed
396 326 522 366 invita
552 328 755 367 sententia
784 333 919 381 partes
948 328 1051 368 duae
1078 327 1276 368 orationis
1299 327 1416 367 unius
1437 327 1513 367 hac
1535 326 1795 367 distinctione
1816 332 2066 380 separantur.
2114 325 2248 377 Quam

285 407 377 434 cum
411 395 666 447 tolleremus,
700 396 902 438 noluimus
938 403 1073 439 tamen
1112 398 1278 440 eandem
1315 403 1516 437 extremae
1547 396 1663 436 alteri
1693 396 1865 436 orationi
1896 395 2110 446 adhibere,
2145 409 2248 448 quae

286 477 383 516 pars
415 470 477 505 est
505 466 849 520 interrogationiS,
879 467 969 521 ipsa
997 475 1136 508 notam
1165 483 1246 508 non
1277 469 1356 507 fert
1384 467 1459 506 nisi
1491 480 1581 505 eum
1612 465 1868 505 incommodo
1899 465 2122 506 sententiae
2152 465 2247 504 sub-

287 534 349 573 tili
384 542 471 575 arte
508 538 772 590 compositae.
830 538 880 577 In
918 539 1037 578 simili
1073 539 1390 579 conformatione
1427 551 1528 589 quae
1564 542 1626 575 est
1662 534 1708 575 C.
1734 537 1774 586 1,
1803 537 1853 576 29
1877 542 1975 576 extr.
2015 550 2130 576 nemo
2165 549 2249 575 me-

291 603 398 644 diam
432 611 588 657 partem
620 607 813 647 orationis
843 609 1019 659 notavit,
1054 614 1248 649 notarunt
1278 615 1516 656 extrema1n3
1554 606 1675 659 idque
1706 605 1761 646 ibi
1791 606 1948 646 facilius
1977 606 2070 646 ferri
2101 610 2248 658 potest.

293 671 376 714 sed
408 673 453 714 C·
477 676 515 725 3⁹
538 676 605 727 24⁷
627 677 678 716 33
799 691 897 744 quid
926 693 1063 734 tristes
1095 693 1382 746 querimoniae,

801 762 833 801 si
865 776 946 802 non
977 764 1175 816 supplicio
1207 763 1325 815 culpa
1355 762 1560 811 reciditur,

693 832 744 870 35
804 831 900 882 quid
931 833 1044 885 leges
1075 833 1160 872 sine
1190 833 1369 872 moribus

802 915 928 940 vanae
959 902 1190 953 proficiunt,
1222 903 1254 942 si
1286 915 1417 954 neque
1448 899 1610 941 fervidis

802 997 896 1035 pars
926 983 1081 1024 inclusa
1111 985 1316 1025 caloribus

802 1053 941 1092 mundi
972 1067 1047 1093 nec
1079 1054 1227 1094 boreae
1257 1054 1471 1093 finitimum
1502 1053 1605 1092 latus

803 1121 1052 1174 durataeque
1083 1124 1170 1163 solo
1201 1125 1314 1164 nives

692 1192 745 1229 40
803 1198 1066 1231 mercatorem
1098 1193 1283 1245 abigunt,
1313 1194 1480 1232 horrida
1509 1192 1643 1231 callidi

806 1275 972 1315 vincunt
1003 1290 1179 1328 aequora
1208 1276 1383 1326 navitae,

807 1359 997 1398 magnum
1028 1346 1244 1398 pauperies
1276 1346 1538 1398 opprobrium
1569 1345 1680 1384 iubet

804 1414 965 1465 quidvis
997 1421 1036 1454 et
1065 1415 1197 1453 facere
1227 1421 1267 1454 et
1297 1416 1395 1467 pati,

804 1484 1043 1536 virtutisque
1074 1485 1178 1523 viam
1209 1483 1360 1524 deserit
1390 1483 1565 1524 arduae?

298 1555 344 1588 ut
377 1551 585 1590 mittamus
620 1566 688 1591 eos
723 1553 790 1604 qui
822 1553 900 1591 iam
932 1554 971 1591 in
1001 1555 1190 1592 reciditur
1220 1555 1275 1605 (v.
1300 1554 1393 1604 34),
1428 1553 1506 1591 hoo
1538 1559 1598 1592 est
1628 1553 1667 1591 in
1698 1553 1935 1605 imperfecta
1964 1552 2162 1601 oratione,
2196 1552 2256 1590 in-

298 1621 614 1672 terrogationem
646 1621 838 1671 indicant,
869 1623 959 1673 quis
989 1623 1092 1661 ferat
1121 1623 1226 1662 hanc
1256 1623 1615 1674 interrogationem
1645 1628 1839 1671 notatam,
1871 1622 1983 1661 cuius
2008 1636 2102 1673 pars
2132 1621 2257 1659 maior

298 1688 564 1742 interrogatio
595 1705 676 1729 non
707 1690 795 1730 est?
851 1690 907 1730 Et
937 1692 1128 1731 omittunt
1157 1691 1340 1744 plerique
1371 1691 1410 1730 in
1442 1691 1561 1730 simili
1593 1704 1716 1730 causa
1745 1690 1934 1730 indicium
1967 1688 2013 1729 C.
2040 1692 2076 1740 1,
2102 1690 2150 1729 12

808 1774 926 1812 quem
957 1761 1106 1800 deum?
1155 1762 1269 1800 cuius
1300 1762 1452 1800 recinet
1481 1761 1619 1799 iocosa

808 1843 955 1869 nomen
985 1831 1119 1885 imago

728 1914 751 1951 05¹

810 1920 880 1952 aut
910 1915 949 1953 in
979 1916 1181 1954 umbrosis
1212 1915 1421 1954 Heliconis
1452 1915 1548 1962 oris,

809 1989 879 2022 aut
909 1998 1031 2036 super
1059 1984 1205 2034 Pindo,
1235 1985 1422 2036 gelidove
1451 1985 1490 2023 in
1523 1983 1693 2032 Haemo,

808 2053 914 2092 unde
944 2054 1125 2093 vocalem
1155 2060 1304 2093 temere.
1336 2055 1539 2093 insecutae

810 2123 978 2174 Orphea
1008 2124 1134 2163 silvae

811 2212 896 2246 arte
927 2213 1105 2246 materna
1136 2206 1300 2260 rapidos
1330 2211 1552 2246 morantem

705 2276 754 2316 10
812 2275 1019 2316 fluminum
1051 2276 1189 2330 lapsus
1221 2277 1451 2328 celeresque
1484 2281 1640 2325 ventos,

811 2345 1003 2384 blandum
1033 2352 1072 2386 et
1102 2347 1252 2385 auritas
1282 2347 1432 2385 fidibus
1463 2346 1620 2384 canoris

810 2414 958 2453 ducere
990 2428 1161 2465 quercus

304 2483 493 2536 quoniam
531 2497 634 2535 quae
669 2484 814 2523 Haemi
850 2486 905 2536 (v.
928 2486 972 2537 6)
1011 2485 1239 2525 illustrandi
1279 2500 1401 2526 eausa
1436 2483 1652 2533 adduntur,
1692 2484 1740 2524 ab
1779 2483 2095 2538 interrogatione
2131 2483 2259 2524 aliena

303 2559 416 2602 sunt,
450 2567 582 2604 neque
618 2559 752 2592 tamen
790 2554 846 2592 ita
882 2554 932 2593 ab
967 2554 1116 2593 Haemo
1151 2555 1311 2608 seiungi
1346 2560 1535 2608 possunt,
1570 2559 1630 2602 ut,
1666 2554 1773 2605 quod
1809 2554 2037 2593 Meinekius
2074 2554 2260 2604 instituit,

304 2623 399 2661 huie
429 2623 580 2661 nomini
611 2629 747 2662 notam
780 2624 973 2676 affingere
1002 2624 1132 2663 liceat.
1192 2625 1395 2677 Reditque
1427 2624 1565 2664 eadem
1596 2623 1794 2664 dubitatio
1825 2625 1864 2663 in
1894 2623 2102 2676 proximis,

810 2693 908 2745 quid
939 2694 1049 2746 prius
1080 2693 1212 2735 dicam
1242 2695 1373 2736 solitis
1404 2695 1582 2748 parentis

809 2763 1010 2813 laudibus,
1042 2764 1112 2816 qui
1141 2779 1205 2803 res
1235 2764 1442 2803 hominum
1474 2779 1519 2803 ae
1549 2765 1729 2814 deorum,

704 2835 751 2871 15
811 2835 879 2885 qui
909 2848 1016 2872 mare
1047 2849 1094 2873 ac
1124 2841 1253 2873 terras
1283 2837 1483 2887 variisque
1514 2835 1707 2873 mundum

807 2907 1006 2954 temperat
1036 2902 1159 2952 horis,

809 2971 918 3011 unde
948 2972 1004 3011 nil
1033 2973 1163 3012 maius
1194 2978 1412 3025 generatur
1443 2973 1529 3025 ipso

809 3055 884 3080 nee
914 3041 1024 3095 viget
1054 3041 1268 3094 quiequam
1299 3042 1427 3082 simile
1458 3049 1529 3082 aut
1559 3042 1798 3083 secundum:
