2525 3497
1247 187 1272 230 9

727 311 933 364 proximos
963 311 1019 350 illi
1049 316 1181 351 tamen
1212 310 1425 363 occupavit

622 381 673 420 20
729 380 866 420 Pallas
896 379 1084 420 honores.

289 451 358 493 Sic
392 466 466 492 nos
502 449 718 491 edidimus:
756 448 931 489 editores
961 448 1178 500 dissident,
1213 448 1396 489 nonnulli
1427 448 1607 488 laudibus
1638 449 1693 500 (v.
1721 450 1808 502 14),
1844 449 1910 489 alii
1940 449 2043 488 horis
2074 450 2130 502 (v.
2156 450 2240 502 16),

289 520 451 573 quidam
486 520 696 561 secundum
726 519 783 570 (v.
807 519 876 572 18)
911 524 1009 557 nota
1041 518 1332 570 interrogativa
1361 523 1522 566 ornant;
1558 517 1629 557 sed
1660 518 1728 569 qui
1759 519 2044 557 sententiarum
2077 533 2238 558 cursum

290 591 484 631 curiosius
519 586 788 643 perspeixerit,
823 588 1040 641 intelliget,
1075 588 1229 627 nullum
1264 588 1407 628 horum
1440 589 1574 627 locum
1610 588 1834 640 graviorem
1865 589 1983 628 istam
2014 588 2237 628 distinctio-

288 675 377 700 nem
413 661 499 701 sine
532 658 772 699 detrimento
807 657 996 710 recipere.
1057 656 1149 698 Sint
1183 657 1281 698 hacc
1315 659 1414 698 satis
1451 658 1681 710 speciminis
1717 658 1828 708 loco,
1863 673 1912 698 ne
1947 658 2238 711 persequendis

287 730 465 771 minutiis
501 743 603 782 quae
633 733 770 768 tamen
798 726 999 767 interdum
1029 726 1219 767 nonnihil·
1242 727 1428 768 utilitatis
1457 726 1610 768 habent
1637 726 1815 767 taedium
1846 727 2073 780 legentibus
2105 727 2138 767 si
2169 727 2238 779 qui

288 804 406 839 erunt
435 798 659 839 afferamus.
703 796 841 837 Unum
872 796 1056 836 addimus
1087 810 1136 835 ex
1165 796 1291 836 altero
1321 810 1488 849 genere:
1521 798 1562 836 in
1591 798 1724 838 iambo
1754 798 1884 850 primo
1915 798 2137 837 orationem
2166 812 2238 850 po-

289 868 511 909 litissimam
540 868 596 907 ita
624 865 987 919 interpungendam
1018 865 1258 915 curavimus,

644 936 666 975 5
726 934 824 988 quid
853 948 941 986 nos,
972 934 1118 987 quibus
1149 939 1189 975 te
1218 934 1301 974 vita
1329 935 1364 975 si
1394 935 1609 989 superstite

727 1003 917 1053 iucunda,
947 1004 981 1043 si
1011 1008 1165 1053 contra,
1196 1004 1343 1055 gravis,

727 1080 914 1113 utrumne
941 1073 1041 1112 iussi
1070 1087 1359 1125 persequemur
1387 1074 1527 1124 otium,

725 1157 808 1182 non
838 1142 966 1192 dulce,
997 1142 1039 1181 ni
1067 1148 1201 1182 tecum
1232 1143 1364 1193 simul,

727 1227 777 1252 an
807 1211 916 1252 hunc
945 1212 1123 1251 laborem
1153 1217 1286 1252 mente
1315 1212 1433 1251 laturi
1465 1211 1581 1253 decet

620 1282 669 1321 10
727 1295 807 1334 qua
836 1281 940 1320 ferre
971 1294 1052 1320 uon
1081 1281 1213 1320 mollis
1243 1280 1378 1320 viros?

727 1351 917 1401 feremus,
947 1356 987 1390 et
1015 1357 1054 1390 te
1083 1351 1147 1389 vel
1176 1365 1248 1403 per
1272 1351 1439 1402 Alpium
1468 1351 1563 1403 iuga
1593 1380 1629 1389 ..
1661 1365 1886 1402 sequemur.

290 1427 331 1462 et
358 1426 547 1474 putamus
577 1420 655 1460 hoc
683 1424 829 1472 poetae
859 1419 994 1459 sensui
1016 1419 1319 1458 convenientius
1341 1433 1443 1469 esse,
1473 1433 1592 1470 quam
1614 1419 1723 1472 quod
1744 1426 1836 1459 ante
1857 1421 2110 1473 vulgabatur,
2141 1423 2238 1474 quid

290 1492 385 1530 nos?
412 1490 549 1544 quibus
580 1497 612 1528 ie
640 1491 720 1528 vila
749 1490 785 1527 si
811 1490 1013 1541 superstite
1040 1489 1230 1537 iucunda,
1261 1490 1297 1527 si
1324 1496 1470 1538 eontra,
1497 1490 1642 1540 yram-is.
1688 1496 1865 1529 utrumne
1883 1492 1984 1529 iussi
2006 1496 2081 1530 cet.
2133 1491 2237 1530 Ora-

289 1560 454 1609 tionem,
482 1564 527 1598 ut
555 1558 634 1598 hoc
664 1557 872 1607 addamus,
903 1557 961 1597 sic
987 1557 1277 1609 expediendam
1300 1571 1511 1597 censemus
1538 1555 1685 1597 ‘utrum
1707 1558 1832 1597 otium
1852 1573 2155 1610 persequemur,
2187 1574 2238 1598 an

288 1628 396 1668 hunc
430 1627 608 1668 laborem
643 1626 764 1666 laturi
799 1627 975 1679 (sumus)
1011 1631 1143 1666 mente
1180 1640 1260 1679 qua
1294 1626 1411 1667 decet
1445 1626 1660 1679 (laborem)
1691 1627 1794 1666 ferre
1824 1641 1905 1666 non
1935 1628 2076 1667 molles
2105 1627 2240 1667 viros.'

290 1696 360 1736 Sic
390 1697 493 1735 enim
523 1696 684 1734 deinum
713 1700 822 1734 recte
851 1709 1090 1746 responsum
1109 1695 1283 1745 feremus
1313 1696 1365 1734 ad
1395 1696 1500 1734 hanc
1529 1702 1683 1747 partem
1713 1697 2040 1747 interrogationis
2068 1698 2237 1735 relatum

289 1766 514 1813 subiicitur3
549 1779 682 1816 neque
718 1765 843 1803 laturi
874 1778 955 1803 non
991 1764 1128 1804 addito
1163 1780 1294 1804 sunaus
1325 1765 1449 1804 verbo
1479 1765 1606 1803 vicem
1637 1764 1749 1804 verbi
1778 1765 1879 1804 finiti
1909 1779 2048 1817 gerere
2079 1765 2237 1805 dubita-

288 1833 438 1874 bimus:
473 1847 565 1873 nam
601 1832 711 1885 quod
744 1833 784 1872 in
820 1840 874 1872 est
908 1839 948 1873 et
982 1841 1074 1873 sunt
1109 1847 1229 1887 saepe
1264 1833 1409 1874 cadere
1444 1838 1584 1875 notum
1616 1838 1695 1883 est,
1729 1832 1835 1872 idem
1868 1848 1891 1873 a
1919 1849 2004 1874 sum
2035 1841 2075 1874 et
2104 1849 2238 1874 sumus

287 1917 368 1943 non
405 1902 577 1943 alienum
613 1917 702 1943 esse
733 1902 915 1955 exempla
941 1903 1134 1955 probant,
1168 1917 1299 1955 neque
1330 1902 1459 1943 solum
1488 1902 1646 1942 Ennius
1677 1903 1836 1955 scripsit
1868 1904 1952 1942 vidi
1977 1905 2105 1943 videre
2134 1906 2239 1958 quod

286 1986 344 2012 me
375 1986 499 2025 passa
535 1985 758 2025 aeqerrume
792 1977 861 2010 aut
890 1972 1060 2011 Plautus
1099 1987 1204 2011 nunc
1241 1973 1339 2024 quid
1366 1971 1552 2021 facturus
1586 1972 1733 2021 dicam,
1774 1972 1845 2010 sed
1880 1974 1999 2011 etiam
2027 1973 2235 2025 Vergilius

280 2047 489 2094 postquam
517 2041 742 2094 introqresei
773 2048 808 2080 et
840 2054 970 2080 coram
1005 2042 1100 2079 data
1136 2043 1247 2093 copia
1269 2041 1418 2091 fandi,
1455 2054 1618 2079 munera
1648 2040 1926 2093 praeferimus,
1965 2047 2005 2080 et
2039 2042 2236 2082 Horatius

272 2110 433 2161 felicem
462 2111 587 2150 dicere
614 2125 691 2150 non
720 2111 788 2150 Ιιοο
816 2124 874 2149 me
896 2112 1057 2162 possim,
1087 2124 1179 2148 casu
1208 2111 1313 2163 quod
1344 2118 1375 2149 te
1404 2112 1560 2149 sortitus
1588 2112 1768 2149 amicum.

473 2191 535 2217 111.
594 2179 642 2218 In
673 2180 844 2230 epistola
873 2179 1028 2217 decima
1057 2179 1148 2218 libri
1176 2180 1294 2230 primi
1313 2179 1508 2218 Horatius
1537 2179 1711 2218 fabulam
1734 2179 2032 2219 Stesiehoream
2064 2181 2112 2220 de
2134 2196 2236 2232 equo

288 2254 328 2288 et
362 2262 480 2287 cervo
516 2248 566 2288 ab
603 2248 821 2288 Aristotele
857 2248 897 2287 in
934 2247 1144 2288 rhetoricis
1175 2248 1217 2298 2,
1245 2248 1296 2287 20
1334 2247 1501 2287 relatam
1537 2246 1782 2301 lepidissime
1818 2249 2011 2288 narravit:
2049 2249 2103 2289 ibi
2138 2249 2238 2289 haec

288 2316 410 2370 vulgo
439 2316 639 2370 leguntur.

728 2400 869 2426 cervus
900 2400 1046 2438 equum
1074 2401 1212 2439 pugna
1240 2387 1381 2426 melior
1410 2387 1685 2426 communibus
1717 2387 1855 2426 herbis

618 2456 668 2494 35
725 2456 915 2507 pellebat,
945 2456 1074 2495 donec
1102 2456 1233 2494 minor
1261 2455 1301 2493 in
1331 2456 1549 2495 certamine
1579 2456 1701 2507 longo

726 2525 955 2578 imploravit
985 2538 1084 2578 opes
1112 2523 1286 2564 hominis
1315 2524 1551 2577 frenumque
1581 2525 1744 2578 recepit.

728 2594 800 2633 sed
828 2600 1046 2647 postquam
1074 2594 1206 2633 victor
1233 2594 1387 2633 violens
1417 2594 1606 2634 discessit
1634 2595 1683 2633 ab
1712 2595 1841 2643 hoste,

725 2678 807 2703 non
839 2664 1015 2716 equitem
1044 2663 1178 2714 dorso,
1208 2678 1288 2704 non
1316 2663 1471 2704 frenum
1502 2663 1657 2717 depulit
1687 2678 1768 2703 ore.

727 2733 785 2774 sic
815 2734 884 2786 qui
913 2733 1146 2787 pauperiem
1175 2733 1326 2774 veritus
1355 2733 1514 2786 potiore
1544 2733 1716 2774 metallis

613 2803 666 2840 40
723 2802 908 2842 libertate
937 2808 1058 2853 caret,
1088 2802 1292 2842 dominum
1321 2803 1434 2842 vehit
1461 2803 1667 2855 improbus
1698 2808 1817 2854 atque

725 2874 875 2911 serviet
905 2879 1125 2922 aeternum,
1154 2874 1248 2924 quia
1275 2888 1401 2924 parvo
1431 2873 1583 2913 nesciet
1612 2874 1683 2912 uti.

286 2941 336 2982 In
366 2954 485 2981 versu
514 2939 716 2980 tricesimo
747 2941 919 2993 septimo
950 2942 1017 2993 qui
1047 2942 1199 2994 primus
1231 2941 1399 2982 offendit
1426 2941 1636 2982 Bentleius
1668 2942 1874 2994 epitheton
1906 2943 1957 2982 ad
1987 2945 2164 2983 victorem
2194 2945 2234 2983 in

286 3010 363 3051 hac
398 3009 580 3049 oratione
614 3009 752 3049 multis
786 3009 1042 3062 frequentata
1074 3016 1236 3066 praeter
1271 3010 1602 3050 consuetudinem
1639 3010 1838 3050 adiectum
1875 3012 2135 3065 vituperavit:
2173 3027 2236 3052 re-

1926 3085 1950 3125 2
