<?xml version="1.0" encoding="UTF-8"?>
<!DOCTYPE html PUBLIC "-//W3C//DTD XHTML 1.0 Transitional//EN"
    "http://www.w3.org/TR/xhtml1/DTD/xhtml1-transitional.dtd">
<html xmlns="http://www.w3.org/1999/xhtml" xml:lang="en" lang="en">
 <head>
  <title>
</title>
<meta http-equiv="Content-Type" content="text/html;charset=utf-8" />
  <meta name='ocr-system' content='tesseract 3.04.00' />
  <meta name='ocr-capabilities' content='ocr_page ocr_carea ocr_par ocr_line ocrx_word'/>
</head>
<body>
  <div class='ocr_page' id='page_1' title='image "4769554_0016.png"; bbox 0 0 2525 3497; ppageno 0'>
   <div class='ocr_carea' id='block_1_1' title="bbox 1230 208 1287 253">
    <p class='ocr_par' dir='ltr' id='par_1_1' title="bbox 1230 208 1287 253">
     <span class='ocr_line' id='line_1_1' title="bbox 1230 208 1287 253; baseline 0.018 -1"><span class='ocrx_word' id='word_1_1' title='bbox 1230 208 1287 253; x_wconf 90' lang='lat'>10</span> 
     </span>
    </p>
   </div>
   <div class='ocr_carea' id='block_1_2' title="bbox 269 330 2255 2725">
    <p class='ocr_par' dir='ltr' id='par_1_2' title="bbox 269 330 2255 2517">
     <span class='ocr_line' id='line_1_2' title="bbox 282 330 2255 386; baseline 0.001 -14"><span class='ocrx_word' id='word_1_2' title='bbox 282 330 416 385; x_wconf 87' lang='lat' dir='ltr'>posito</span> <span class='ocrx_word' id='word_1_3' title='bbox 455 333 553 373; x_wconf 77' lang='lat' dir='ltr'>victo</span> <span class='ocrx_word' id='word_1_4' title='bbox 589 347 663 386; x_wconf 90' lang='lat' dir='ltr'>pro</span> <span class='ocrx_word' id='word_1_5' title='bbox 697 334 838 373; x_wconf 73' lang='lat' dir='ltr'>victore</span> <span class='ocrx_word' id='word_1_6' title='bbox 872 346 953 372; x_wconf 90' lang='lat' dir='ltr'>non</span> <span class='ocrx_word' id='word_1_7' title='bbox 990 331 1121 373; x_wconf 88' lang='lat' dir='ltr'>minus</span> <span class='ocrx_word' id='word_1_8' title='bbox 1156 333 1345 374; x_wconf 85' lang='lat' dir='ltr'>usitatam</span> <span class='ocrx_word' id='word_1_9' title='bbox 1381 332 1539 373; x_wconf 87' lang='lat' dir='ltr'>dicendi</span> <span class='ocrx_word' id='word_1_10' title='bbox 1577 333 1771 373; x_wconf 88' lang='lat' dir='ltr'>rationem</span> <span class='ocrx_word' id='word_1_11' title='bbox 1804 338 2012 374; x_wconf 86' lang='lat' dir='ltr'>assecutus</span> <span class='ocrx_word' id='word_1_12' title='bbox 2043 337 2124 384; x_wconf 86' lang='lat' dir='ltr'>est,</span> <span class='ocrx_word' id='word_1_13' title='bbox 2158 334 2255 374; x_wconf 76' lang='lat' dir='ltr'>victo</span> 
     </span>
     <span class='ocr_line' id='line_1_3' title="bbox 282 401 2253 455; baseline 0.001 -15"><span class='ocrx_word' id='word_1_14' title='bbox 282 402 429 440; x_wconf 73' lang='lat' dir='ltr'>violens</span> <span class='ocrx_word' id='word_1_15' title='bbox 465 403 640 442; x_wconf 70' lang='lat' dir='ltr'>discessit</span> <span class='ocrx_word' id='word_1_16' title='bbox 672 403 721 440; x_wconf 79' lang='lat' dir='ltr'>ab</span> <span class='ocrx_word' id='word_1_17' title='bbox 756 403 869 440; x_wconf 73' lang='lat' dir='ltr'>hoste.</span> <span class='ocrx_word' id='word_1_18' title='bbox 928 401 1083 441; x_wconf 91' lang='lat' dir='ltr'>Verum</span> <span class='ocrx_word' id='word_1_19' title='bbox 1121 416 1170 441; x_wconf 91' lang='lat' dir='ltr'>ne</span> <span class='ocrx_word' id='word_1_20' title='bbox 1201 402 1276 442; x_wconf 88' lang='lat' dir='ltr'>hac</span> <span class='ocrx_word' id='word_1_21' title='bbox 1306 402 1469 454; x_wconf 90' lang='lat' dir='ltr'>quidem</span> <span class='ocrx_word' id='word_1_22' title='bbox 1500 403 1720 454; x_wconf 80' lang='lat' dir='ltr'>acquievit,</span> <span class='ocrx_word' id='word_1_23' title='bbox 1754 403 1851 454; x_wconf 92' lang='lat' dir='ltr'>quin</span> <span class='ocrx_word' id='word_1_24' title='bbox 1882 402 2090 454; x_wconf 87' lang='lat' dir='ltr'>epitheton</span> <span class='ocrx_word' id='word_1_25' title='bbox 2121 402 2253 455; x_wconf 90' lang='lat' dir='ltr'>ipsum</span> 
     </span>
     <span class='ocr_line' id='line_1_4' title="bbox 283 469 2253 524; baseline -0.001 -13"><span class='ocrx_word' id='word_1_26' title='bbox 283 472 514 513; x_wconf 88' lang='lat' dir='ltr'>coniectura</span> <span class='ocrx_word' id='word_1_27' title='bbox 549 476 783 524; x_wconf 87' lang='lat' dir='ltr'>temptaret:</span> <span class='ocrx_word' id='word_1_28' title='bbox 820 469 907 510; x_wconf 88' lang='lat' dir='ltr'>‘cur</span> <span class='ocrx_word' id='word_1_29' title='bbox 942 470 1063 510; x_wconf 88' lang='lat' dir='ltr'>enim&#39;</span> <span class='ocrx_word' id='word_1_30' title='bbox 1099 471 1231 523; x_wconf 90' lang='lat' dir='ltr'>inquit</span> <span class='ocrx_word' id='word_1_31' title='bbox 1263 470 1405 523; x_wconf 83' lang='lat' dir='ltr'>‘equus</span> <span class='ocrx_word' id='word_1_32' title='bbox 1441 472 1507 511; x_wconf 90' lang='lat' dir='ltr'>hic</span> <span class='ocrx_word' id='word_1_33' title='bbox 1542 472 1685 511; x_wconf 71' lang='lat' dir='ltr'>violens</span> <span class='ocrx_word' id='word_1_34' title='bbox 1719 471 1962 524; x_wconf 86' lang='lat' dir='ltr'>appelletur,</span> <span class='ocrx_word' id='word_1_35' title='bbox 1999 471 2068 523; x_wconf 91' lang='lat' dir='ltr'>qui</span> <span class='ocrx_word' id='word_1_36' title='bbox 2107 477 2147 511; x_wconf 88' lang='lat' dir='ltr'>et</span> <span class='ocrx_word' id='word_1_37' title='bbox 2180 485 2253 524; x_wconf 89' lang='lat' dir='ltr'>per</span> 
     </span>
     <span class='ocr_line' id='line_1_5' title="bbox 281 539 2253 593; baseline -0.001 -13"><span class='ocrx_word' id='word_1_38' title='bbox 281 555 325 580; x_wconf 89' lang='lat' dir='ltr'>se</span> <span class='ocrx_word' id='word_1_39' title='bbox 364 542 494 593; x_wconf 86' lang='lat' dir='ltr'>impar</span> <span class='ocrx_word' id='word_1_40' title='bbox 530 545 618 580; x_wconf 89' lang='lat' dir='ltr'>erat</span> <span class='ocrx_word' id='word_1_41' title='bbox 653 554 772 579; x_wconf 89' lang='lat' dir='ltr'>cervo</span> <span class='ocrx_word' id='word_1_42' title='bbox 813 545 852 578; x_wconf 90' lang='lat' dir='ltr'>et</span> <span class='ocrx_word' id='word_1_43' title='bbox 888 539 1000 578; x_wconf 90' lang='lat' dir='ltr'>nulla</span> <span class='ocrx_word' id='word_1_44' title='bbox 1037 540 1198 579; x_wconf 89' lang='lat' dir='ltr'>demum</span> <span class='ocrx_word' id='word_1_45' title='bbox 1235 555 1308 580; x_wconf 89' lang='lat' dir='ltr'>sua</span> <span class='ocrx_word' id='word_1_46' title='bbox 1343 540 1415 580; x_wconf 89' lang='lat' dir='ltr'>sed</span> <span class='ocrx_word' id='word_1_47' title='bbox 1450 540 1634 580; x_wconf 87' lang='lat' dir='ltr'>vehentis</span> <span class='ocrx_word' id='word_1_48' title='bbox 1671 540 1820 591; x_wconf 88' lang='lat' dir='ltr'>equitis</span> <span class='ocrx_word' id='word_1_49' title='bbox 1856 541 2004 580; x_wconf 81' lang='lat' dir='ltr'>virtute</span> <span class='ocrx_word' id='word_1_50' title='bbox 2041 540 2253 579; x_wconf 82' lang='lat' dir='ltr'>victoriam</span> 
     </span>
     <span class='ocr_line' id='line_1_6' title="bbox 281 609 2251 663; baseline -0.001 -15"><span class='ocrx_word' id='word_1_51' title='bbox 281 609 455 662; x_wconf 87' lang='lat' dir='ltr'>adeptus</span> <span class='ocrx_word' id='word_1_52' title='bbox 494 609 579 649; x_wconf 88' lang='lat' dir='ltr'>est.&#39;</span> <span class='ocrx_word' id='word_1_53' title='bbox 639 609 755 659; x_wconf 81' lang='lat' dir='ltr'>Quae</span> <span class='ocrx_word' id='word_1_54' title='bbox 793 609 1008 648; x_wconf 83' lang='lat' dir='ltr'>scribenda</span> <span class='ocrx_word' id='word_1_55' title='bbox 1043 610 1275 661; x_wconf 84' lang='lat' dir='ltr'>proposuit,</span> <span class='ocrx_word' id='word_1_56' title='bbox 1305 617 1515 663; x_wconf 65' lang='lat' dir='ltr'>postquam</span> <span class='ocrx_word' id='word_1_57' title='bbox 1550 611 1647 648; x_wconf 79' lang='lat' dir='ltr'>victo</span> <span class='ocrx_word' id='word_1_58' title='bbox 1676 611 1826 662; x_wconf 71' lang='lat' dir='ltr'>sonipes</span> <span class='ocrx_word' id='word_1_59' title='bbox 1857 610 2030 648; x_wconf 59' lang='lat' dir='ltr'>diaconia</span> <span class='ocrx_word' id='word_1_60' title='bbox 2056 609 2107 647; x_wconf 80' lang='lat' dir='ltr'>ab</span> <span class='ocrx_word' id='word_1_61' title='bbox 2137 609 2251 658; x_wconf 71' lang='lat' dir='ltr'>hoste,</span> 
     </span>
     <span class='ocr_line' id='line_1_7' title="bbox 283 679 2254 732; baseline 0 -13"><span class='ocrx_word' id='word_1_62' title='bbox 283 686 353 719; x_wconf 85' lang='lat' dir='ltr'>aut</span> <span class='ocrx_word' id='word_1_63' title='bbox 389 680 608 719; x_wconf 82' lang='lat' dir='ltr'>inducente</span> <span class='ocrx_word' id='word_1_64' title='bbox 644 679 822 730; x_wconf 87' lang='lat' dir='ltr'>quodam</span> <span class='ocrx_word' id='word_1_65' title='bbox 859 685 1020 718; x_wconf 85' lang='lat' dir='ltr'>vetusto</span> <span class='ocrx_word' id='word_1_66' title='bbox 1057 679 1219 718; x_wconf 82' lang='lat' dir='ltr'>Horatii</span> <span class='ocrx_word' id='word_1_67' title='bbox 1254 679 1472 731; x_wconf 85' lang='lat' dir='ltr'>exemplari</span> <span class='ocrx_word' id='word_1_68' title='bbox 1504 687 1715 732; x_wconf 68' lang='lat' dir='ltr'>postquam</span> <span class='ocrx_word' id='word_1_69' title='bbox 1750 680 1891 718; x_wconf 78' lang='lat' dir='ltr'>domito</span> <span class='ocrx_word' id='word_1_70' title='bbox 1926 681 2046 718; x_wconf 78' lang='lat' dir='ltr'>victor</span> <span class='ocrx_word' id='word_1_71' title='bbox 2082 680 2254 719; x_wconf 69' lang='lat' dir='ltr'>discessit</span> 
     </span>
     <span class='ocr_line' id='line_1_8' title="bbox 283 747 2250 800; baseline 0 -13"><span class='ocrx_word' id='word_1_72' title='bbox 283 748 332 787; x_wconf 85' lang='lat' dir='ltr'>ab</span> <span class='ocrx_word' id='word_1_73' title='bbox 368 748 488 797; x_wconf 73' lang='lat' dir='ltr'>hosce,</span> <span class='ocrx_word' id='word_1_74' title='bbox 527 761 602 787; x_wconf 88' lang='lat' dir='ltr'>nec</span> <span class='ocrx_word' id='word_1_75' title='bbox 639 748 718 800; x_wconf 86' lang='lat' dir='ltr'>ipsi</span> <span class='ocrx_word' id='word_1_76' title='bbox 757 747 854 787; x_wconf 85' lang='lat' dir='ltr'>satis</span> <span class='ocrx_word' id='word_1_77' title='bbox 891 747 1076 786; x_wconf 88' lang='lat' dir='ltr'>fecerunt</span> <span class='ocrx_word' id='word_1_78' title='bbox 1112 753 1152 786; x_wconf 89' lang='lat' dir='ltr'>et</span> <span class='ocrx_word' id='word_1_79' title='bbox 1187 748 1235 787; x_wconf 86' lang='lat' dir='ltr'>ab</span> <span class='ocrx_word' id='word_1_80' title='bbox 1275 761 1321 787; x_wconf 90' lang='lat' dir='ltr'>ea</span> <span class='ocrx_word' id='word_1_81' title='bbox 1351 761 1492 788; x_wconf 82' lang='lat' dir='ltr'>versus</span> <span class='ocrx_word' id='word_1_82' title='bbox 1522 749 1672 797; x_wconf 89' lang='lat' dir='ltr'>forma,</span> <span class='ocrx_word' id='word_1_83' title='bbox 1709 760 1830 799; x_wconf 89' lang='lat' dir='ltr'>quam</span> <span class='ocrx_word' id='word_1_84' title='bbox 1861 747 2119 787; x_wconf 89' lang='lat' dir='ltr'>consentiens</span> <span class='ocrx_word' id='word_1_85' title='bbox 2148 747 2250 787; x_wconf 87' lang='lat' dir='ltr'>fides</span> 
     </span>
     <span class='ocr_line' id='line_1_9' title="bbox 282 815 2250 869; baseline 0.001 -15"><span class='ocrx_word' id='word_1_86' title='bbox 282 817 477 856; x_wconf 91' lang='lat' dir='ltr'>librorum</span> <span class='ocrx_word' id='word_1_87' title='bbox 508 822 659 866; x_wconf 88' lang='lat' dir='ltr'>tuetur,</span> <span class='ocrx_word' id='word_1_88' title='bbox 689 817 851 868; x_wconf 88' lang='lat' dir='ltr'>longius</span> <span class='ocrx_word' id='word_1_89' title='bbox 882 815 1109 855; x_wconf 88' lang='lat' dir='ltr'>discedunt.</span> <span class='ocrx_word' id='word_1_90' title='bbox 1159 816 1388 855; x_wconf 89' lang='lat' dir='ltr'>Bentleium</span> <span class='ocrx_word' id='word_1_91' title='bbox 1420 817 1582 869; x_wconf 84' lang='lat' dir='ltr'>excepit</span> <span class='ocrx_word' id='word_1_92' title='bbox 1604 816 1822 869; x_wconf 85' lang='lat' dir='ltr'>Hauptius,</span> <span class='ocrx_word' id='word_1_93' title='bbox 1854 816 1922 867; x_wconf 93' lang='lat' dir='ltr'>qui</span> <span class='ocrx_word' id='word_1_94' title='bbox 1951 816 1992 854; x_wconf 91' lang='lat' dir='ltr'>in</span> <span class='ocrx_word' id='word_1_95' title='bbox 2022 829 2179 855; x_wconf 87' lang='lat' dir='ltr'>summa</span> <span class='ocrx_word' id='word_1_96' title='bbox 2208 830 2250 855; x_wconf 89' lang='lat' dir='ltr'>re</span> 
     </span>
     <span class='ocr_line' id='line_1_10' title="bbox 284 885 2250 938; baseline 0 -14"><span class='ocrx_word' id='word_1_97' title='bbox 284 886 342 924; x_wconf 89' lang='lat' dir='ltr'>illi</span> <span class='ocrx_word' id='word_1_98' title='bbox 379 886 650 938; x_wconf 83' lang='lat' dir='ltr'>adstipulatus</span> <span class='ocrx_word' id='word_1_99' title='bbox 686 885 910 924; x_wconf 85' lang='lat' dir='ltr'>admirabili</span> <span class='ocrx_word' id='word_1_100' title='bbox 948 899 1027 936; x_wconf 88' lang='lat' dir='ltr'>qua</span> <span class='ocrx_word' id='word_1_101' title='bbox 1061 885 1239 936; x_wconf 87' lang='lat' dir='ltr'>pollebat</span> <span class='ocrx_word' id='word_1_102' title='bbox 1276 885 1513 925; x_wconf 89' lang='lat' dir='ltr'>emendandi</span> <span class='ocrx_word' id='word_1_103' title='bbox 1543 886 1692 924; x_wconf 89' lang='lat' dir='ltr'>virtute</span> <span class='ocrx_word' id='word_1_104' title='bbox 1727 899 1816 924; x_wconf 91' lang='lat' dir='ltr'>cum</span> <span class='ocrx_word' id='word_1_105' title='bbox 1848 898 1976 937; x_wconf 84' lang='lat' dir='ltr'>paene</span> <span class='ocrx_word' id='word_1_106' title='bbox 2006 899 2087 924; x_wconf 90' lang='lat' dir='ltr'>una</span> <span class='ocrx_word' id='word_1_107' title='bbox 2115 885 2250 924; x_wconf 87' lang='lat' dir='ltr'>littera</span> 
     </span>
     <span class='ocr_line' id='line_1_11' title="bbox 283 954 2249 1006; baseline -0.001 -14"><span class='ocrx_word' id='word_1_108' title='bbox 283 954 427 993; x_wconf 88' lang='lat' dir='ltr'>leviter</span> <span class='ocrx_word' id='word_1_109' title='bbox 457 955 615 993; x_wconf 87' lang='lat' dir='ltr'>detorta</span> <span class='ocrx_word' id='word_1_110' title='bbox 647 968 695 992; x_wconf 84' lang='lat' dir='ltr'>ex</span> <span class='ocrx_word' id='word_1_111' title='bbox 726 955 991 992; x_wconf 67' lang='lat' dir='ltr'>victorviolens</span> <span class='ocrx_word' id='word_1_112' title='bbox 1022 954 1196 993; x_wconf 86' lang='lat' dir='ltr'>efficeret</span> <span class='ocrx_word' id='word_1_113' title='bbox 1226 956 1457 994; x_wconf 60' lang='lat' dir='ltr'>victorialem</span> <span class='ocrx_word' id='word_1_114' title='bbox 1486 955 1664 994; x_wconf 85' lang='lat' dir='ltr'>restituit</span> <span class='ocrx_word' id='word_1_115' title='bbox 1694 954 1804 1005; x_wconf 91' lang='lat' dir='ltr'>quod</span> <span class='ocrx_word' id='word_1_116' title='bbox 1829 954 1980 1006; x_wconf 86' lang='lat' dir='ltr'>legenti</span> <span class='ocrx_word' id='word_1_117' title='bbox 2005 967 2086 992; x_wconf 91' lang='lat' dir='ltr'>non</span> <span class='ocrx_word' id='word_1_118' title='bbox 2111 957 2249 1005; x_wconf 91' lang='lat' dir='ltr'>potest</span> 
     </span>
     <span class='ocr_line' id='line_1_12' title="bbox 284 1023 2248 1075; baseline -0.001 -14"><span class='ocrx_word' id='word_1_119' title='bbox 284 1037 366 1062; x_wconf 90' lang='lat' dir='ltr'>non</span> <span class='ocrx_word' id='word_1_120' title='bbox 402 1023 595 1071; x_wconf 81' lang='lat' dir='ltr'>arridere,</span> <span class='ocrx_word' id='word_1_121' title='bbox 629 1030 840 1074; x_wconf 74' lang='lat' dir='ltr'>postquam</span> <span class='ocrx_word' id='word_1_122' title='bbox 873 1023 967 1060; x_wconf 70' lang='lat' dir='ltr'>victo</span> <span class='ocrx_word' id='word_1_123' title='bbox 998 1023 1129 1060; x_wconf 71' lang='lat' dir='ltr'>ridens</span> <span class='ocrx_word' id='word_1_124' title='bbox 1160 1023 1333 1061; x_wconf 69' lang='lat' dir='ltr'>discessit</span> <span class='ocrx_word' id='word_1_125' title='bbox 1360 1024 1409 1062; x_wconf 87' lang='lat' dir='ltr'>ab</span> <span class='ocrx_word' id='word_1_126' title='bbox 1438 1025 1556 1072; x_wconf 71' lang='lat' dir='ltr'>hoste,</span> <span class='ocrx_word' id='word_1_127' title='bbox 1592 1023 1710 1062; x_wconf 87' lang='lat' dir='ltr'>simul</span> <span class='ocrx_word' id='word_1_128' title='bbox 1746 1023 1824 1062; x_wconf 92' lang='lat' dir='ltr'>hoc</span> <span class='ocrx_word' id='word_1_129' title='bbox 1860 1023 2044 1075; x_wconf 83' lang='lat' dir='ltr'>exemplo</span> <span class='ocrx_word' id='word_1_130' title='bbox 2074 1036 2171 1061; x_wconf 89' lang='lat' dir='ltr'>usus</span> <span class='ocrx_word' id='word_1_131' title='bbox 2203 1026 2248 1059; x_wconf 87' lang='lat' dir='ltr'>ut</span> 
     </span>
     <span class='ocr_line' id='line_1_13' title="bbox 284 1090 2247 1144; baseline -0.001 -14"><span class='ocrx_word' id='word_1_132' title='bbox 284 1091 325 1130; x_wconf 91' lang='lat' dir='ltr'>in</span> <span class='ocrx_word' id='word_1_133' title='bbox 351 1091 510 1130; x_wconf 83' lang='lat' dir='ltr'>Horatii</span> <span class='ocrx_word' id='word_1_134' title='bbox 542 1090 760 1139; x_wconf 78' lang='lat' dir='ltr'>codicibus,</span> <span class='ocrx_word' id='word_1_135' title='bbox 790 1090 830 1129; x_wconf 93' lang='lat' dir='ltr'>in</span> <span class='ocrx_word' id='word_1_136' title='bbox 863 1090 1008 1142; x_wconf 87' lang='lat' dir='ltr'>quibus</span> <span class='ocrx_word' id='word_1_137' title='bbox 1039 1090 1139 1129; x_wconf 89' lang='lat' dir='ltr'>nihil</span> <span class='ocrx_word' id='word_1_138' title='bbox 1170 1090 1220 1129; x_wconf 86' lang='lat' dir='ltr'>ad</span> <span class='ocrx_word' id='word_1_139' title='bbox 1252 1091 1488 1142; x_wconf 86' lang='lat' dir='ltr'>quadratam</span> <span class='ocrx_word' id='word_1_140' title='bbox 1518 1092 1758 1144; x_wconf 86' lang='lat' dir='ltr'>scripturam</span> <span class='ocrx_word' id='word_1_141' title='bbox 1789 1091 1920 1131; x_wconf 90' lang='lat' dir='ltr'>redire</span> <span class='ocrx_word' id='word_1_142' title='bbox 1950 1091 2167 1140; x_wconf 83' lang='lat' dir='ltr'>videretur,</span> <span class='ocrx_word' id='word_1_143' title='bbox 2198 1103 2247 1129; x_wconf 82' lang='lat' dir='ltr'>ex</span> 
     </span>
     <span class='ocr_line' id='line_1_14' title="bbox 282 1159 2247 1212; baseline -0.001 -15"><span class='ocrx_word' id='word_1_144' title='bbox 282 1160 447 1198; x_wconf 89' lang='lat' dir='ltr'>minutis</span> <span class='ocrx_word' id='word_1_145' title='bbox 484 1159 627 1197; x_wconf 89' lang='lat' dir='ltr'>litteris</span> <span class='ocrx_word' id='word_1_146' title='bbox 665 1172 968 1209; x_wconf 84' lang='lat' dir='ltr'>nonnumquam</span> <span class='ocrx_word' id='word_1_147' title='bbox 1007 1173 1187 1197; x_wconf 89' lang='lat' dir='ltr'>errorum</span> <span class='ocrx_word' id='word_1_148' title='bbox 1223 1172 1365 1198; x_wconf 83' lang='lat' dir='ltr'>causas</span> <span class='ocrx_word' id='word_1_149' title='bbox 1403 1166 1442 1199; x_wconf 88' lang='lat' dir='ltr'>et</span> <span class='ocrx_word' id='word_1_150' title='bbox 1481 1162 1750 1200; x_wconf 84' lang='lat' dir='ltr'>correctiones</span> <span class='ocrx_word' id='word_1_151' title='bbox 1785 1160 1869 1211; x_wconf 87' lang='lat' dir='ltr'>peti</span> <span class='ocrx_word' id='word_1_152' title='bbox 1905 1173 2026 1212; x_wconf 90' lang='lat' dir='ltr'>posse</span> <span class='ocrx_word' id='word_1_153' title='bbox 2058 1159 2247 1197; x_wconf 88' lang='lat' dir='ltr'>edoceret</span> 
     </span>
     <span class='ocr_line' id='line_1_15' title="bbox 282 1227 2244 1281; baseline -0.001 -15"><span class='ocrx_word' id='word_1_154' title='bbox 282 1229 396 1279; x_wconf 89' lang='lat' dir='ltr'>(opp.</span> <span class='ocrx_word' id='word_1_155' title='bbox 420 1228 463 1277; x_wconf 82' lang='lat'>3,</span> <span class='ocrx_word' id='word_1_156' title='bbox 485 1229 570 1278; x_wconf 83' lang='lat'>46).</span> <span class='ocrx_word' id='word_1_157' title='bbox 630 1227 747 1265; x_wconf 86' lang='lat' dir='ltr'>Hane</span> <span class='ocrx_word' id='word_1_158' title='bbox 782 1227 1022 1279; x_wconf 86' lang='lat' dir='ltr'>scripturam</span> <span class='ocrx_word' id='word_1_159' title='bbox 1055 1227 1279 1278; x_wconf 85' lang='lat' dir='ltr'>Hauptius,</span> <span class='ocrx_word' id='word_1_160' title='bbox 1318 1229 1387 1279; x_wconf 91' lang='lat' dir='ltr'>qui</span> <span class='ocrx_word' id='word_1_161' title='bbox 1417 1229 1531 1268; x_wconf 90' lang='lat' dir='ltr'>initio</span> <span class='ocrx_word' id='word_1_162' title='bbox 1561 1231 1657 1268; x_wconf 75' lang='lat' dir='ltr'>victo</span> <span class='ocrx_word' id='word_1_163' title='bbox 1689 1230 1830 1268; x_wconf 76' lang='lat' dir='ltr'>violens</span> <span class='ocrx_word' id='word_1_164' title='bbox 1859 1233 2052 1281; x_wconf 89' lang='lat' dir='ltr'>posuerat</span> <span class='ocrx_word' id='word_1_165' title='bbox 2082 1232 2244 1266; x_wconf 89' lang='lat' dir='ltr'>auctore</span> 
     </span>
     <span class='ocr_line' id='line_1_16' title="bbox 280 1295 2246 1351; baseline 0 -15"><span class='ocrx_word' id='word_1_166' title='bbox 280 1295 489 1346; x_wconf 89' lang='lat' dir='ltr'>Bentleio,</span> <span class='ocrx_word' id='word_1_167' title='bbox 526 1310 616 1336; x_wconf 85' lang='lat' dir='ltr'>cum</span> <span class='ocrx_word' id='word_1_168' title='bbox 652 1296 796 1336; x_wconf 89' lang='lat' dir='ltr'>iterum</span> <span class='ocrx_word' id='word_1_169' title='bbox 830 1301 869 1335; x_wconf 88' lang='lat' dir='ltr'>et</span> <span class='ocrx_word' id='word_1_170' title='bbox 899 1296 1062 1336; x_wconf 86' lang='lat' dir='ltr'>tertium</span> <span class='ocrx_word' id='word_1_171' title='bbox 1092 1295 1253 1336; x_wconf 87' lang='lat' dir='ltr'>Horatii</span> <span class='ocrx_word' id='word_1_172' title='bbox 1284 1297 1460 1338; x_wconf 86' lang='lat' dir='ltr'>carmina</span> <span class='ocrx_word' id='word_1_173' title='bbox 1489 1304 1799 1351; x_wconf 82' lang='lat' dir='ltr'>recognosceret</span> <span class='ocrx_word' id='word_1_174' title='bbox 1828 1296 2100 1351; x_wconf 84' lang='lat' dir='ltr'>recipiendam</span> <span class='ocrx_word' id='word_1_175' title='bbox 2131 1296 2246 1337; x_wconf 86' lang='lat' dir='ltr'>duxit</span> 
     </span>
     <span class='ocr_line' id='line_1_17' title="bbox 279 1365 2244 1420; baseline 0.001 -17"><span class='ocrx_word' id='word_1_176' title='bbox 279 1378 449 1416; x_wconf 88' lang='lat' dir='ltr'>eamque</span> <span class='ocrx_word' id='word_1_177' title='bbox 480 1365 731 1414; x_wconf 86' lang='lat' dir='ltr'>Meinckius,</span> <span class='ocrx_word' id='word_1_178' title='bbox 770 1366 838 1417; x_wconf 89' lang='lat' dir='ltr'>qui</span> <span class='ocrx_word' id='word_1_179' title='bbox 875 1371 913 1404; x_wconf 90' lang='lat' dir='ltr'>et</span> <span class='ocrx_word' id='word_1_180' title='bbox 949 1367 1045 1404; x_wconf 75' lang='lat' dir='ltr'>victo</span> <span class='ocrx_word' id='word_1_181' title='bbox 1080 1366 1220 1404; x_wconf 88' lang='lat' dir='ltr'>scribit</span> <span class='ocrx_word' id='word_1_182' title='bbox 1255 1372 1295 1403; x_wconf 86' lang='lat' dir='ltr'>et</span> <span class='ocrx_word' id='word_1_183' title='bbox 1330 1367 1473 1406; x_wconf 72' lang='lat' dir='ltr'>violens</span> <span class='ocrx_word' id='word_1_184' title='bbox 1509 1367 1770 1420; x_wconf 85' lang='lat' dir='ltr'>depravatum</span> <span class='ocrx_word' id='word_1_185' title='bbox 1808 1381 1895 1407; x_wconf 87' lang='lat' dir='ltr'>esse</span> <span class='ocrx_word' id='word_1_186' title='bbox 1930 1367 2115 1420; x_wconf 85' lang='lat' dir='ltr'>apposita</span> <span class='ocrx_word' id='word_1_187' title='bbox 2148 1371 2244 1405; x_wconf 85' lang='lat' dir='ltr'>nota</span> 
     </span>
     <span class='ocr_line' id='line_1_18' title="bbox 279 1433 2241 1487; baseline 0.001 -15"><span class='ocrx_word' id='word_1_188' title='bbox 279 1434 499 1484; x_wconf 84' lang='lat' dir='ltr'>significat,</span> <span class='ocrx_word' id='word_1_189' title='bbox 537 1433 799 1472; x_wconf 89' lang='lat' dir='ltr'>memorando</span> <span class='ocrx_word' id='word_1_190' title='bbox 837 1433 1143 1472; x_wconf 83' lang='lat' dir='ltr'>commendavit.</span> <span class='ocrx_word' id='word_1_191' title='bbox 1205 1434 1321 1482; x_wconf 82' lang='lat' dir='ltr'>Quos</span> <span class='ocrx_word' id='word_1_192' title='bbox 1352 1436 1459 1474; x_wconf 87' lang='lat' dir='ltr'>viros</span> <span class='ocrx_word' id='word_1_193' title='bbox 1496 1437 1536 1473; x_wconf 89' lang='lat' dir='ltr'>in</span> <span class='ocrx_word' id='word_1_194' title='bbox 1575 1436 1637 1475; x_wconf 92' lang='lat' dir='ltr'>his</span> <span class='ocrx_word' id='word_1_195' title='bbox 1673 1436 1817 1474; x_wconf 86' lang='lat' dir='ltr'>litteris</span> <span class='ocrx_word' id='word_1_196' title='bbox 1852 1436 2065 1487; x_wconf 88' lang='lat' dir='ltr'>primarios</span> <span class='ocrx_word' id='word_1_197' title='bbox 2102 1448 2241 1485; x_wconf 89' lang='lat' dir='ltr'>quam-</span> 
     </span>
     <span class='ocr_line' id='line_1_19' title="bbox 278 1502 2240 1557; baseline 0.001 -15"><span class='ocrx_word' id='word_1_198' title='bbox 278 1502 340 1542; x_wconf 87' lang='lat' dir='ltr'>vis</span> <span class='ocrx_word' id='word_1_199' title='bbox 370 1502 576 1554; x_wconf 86' lang='lat' dir='ltr'>suspicere</span> <span class='ocrx_word' id='word_1_200' title='bbox 606 1502 838 1554; x_wconf 88' lang='lat' dir='ltr'>iudicioque</span> <span class='ocrx_word' id='word_1_201' title='bbox 870 1518 1008 1543; x_wconf 86' lang='lat' dir='ltr'>eorum</span> <span class='ocrx_word' id='word_1_202' title='bbox 1038 1502 1254 1555; x_wconf 89' lang='lat' dir='ltr'>plurimum</span> <span class='ocrx_word' id='word_1_203' title='bbox 1284 1503 1461 1544; x_wconf 87' lang='lat' dir='ltr'>tribuere</span> <span class='ocrx_word' id='word_1_204' title='bbox 1492 1504 1709 1555; x_wconf 88' lang='lat' dir='ltr'>soleamus,</span> <span class='ocrx_word' id='word_1_205' title='bbox 1739 1510 1874 1544; x_wconf 89' lang='lat' dir='ltr'>tamen</span> <span class='ocrx_word' id='word_1_206' title='bbox 1904 1504 2075 1557; x_wconf 85' lang='lat' dir='ltr'>Hauptii</span> <span class='ocrx_word' id='word_1_207' title='bbox 2104 1504 2240 1544; x_wconf 93' lang='lat' dir='ltr'>libello</span> 
     </span>
     <span class='ocr_line' id='line_1_20' title="bbox 278 1571 2240 1625; baseline 0.002 -16"><span class='ocrx_word' id='word_1_208' title='bbox 278 1576 466 1621; x_wconf 90' lang='lat' dir='ltr'>quartum</span> <span class='ocrx_word' id='word_1_209' title='bbox 503 1571 612 1610; x_wconf 90' lang='lat' dir='ltr'>edito</span> <span class='ocrx_word' id='word_1_210' title='bbox 651 1572 794 1611; x_wconf 87' lang='lat' dir='ltr'>relicta</span> <span class='ocrx_word' id='word_1_211' title='bbox 831 1572 1240 1617; x_wconf 64' lang='lat' dir='ltr'>coniectura,versus</span> <span class='ocrx_word' id='word_1_212' title='bbox 1278 1573 1446 1612; x_wconf 86' lang='lat' dir='ltr'>formam</span> <span class='ocrx_word' id='word_1_213' title='bbox 1484 1579 1574 1612; x_wconf 87' lang='lat' dir='ltr'>ante</span> <span class='ocrx_word' id='word_1_214' title='bbox 1610 1574 1815 1625; x_wconf 84' lang='lat' dir='ltr'>vulgatam</span> <span class='ocrx_word' id='word_1_215' title='bbox 1851 1574 2120 1621; x_wconf 88' lang='lat' dir='ltr'>restituimus,</span> <span class='ocrx_word' id='word_1_216' title='bbox 2159 1587 2240 1612; x_wconf 90' lang='lat' dir='ltr'>non</span> 
     </span>
     <span class='ocr_line' id='line_1_21' title="bbox 278 1639 2240 1695; baseline 0.002 -18"><span class='ocrx_word' id='word_1_217' title='bbox 278 1653 358 1690; x_wconf 92' lang='lat' dir='ltr'>quo</span> <span class='ocrx_word' id='word_1_218' title='bbox 397 1639 507 1678; x_wconf 88' lang='lat' dir='ltr'>illam</span> <span class='ocrx_word' id='word_1_219' title='bbox 542 1640 864 1691; x_wconf 86' lang='lat' dir='ltr'>improbaremus</span> <span class='ocrx_word' id='word_1_220' title='bbox 902 1640 973 1679; x_wconf 85' lang='lat' dir='ltr'>sed</span> <span class='ocrx_word' id='word_1_221' title='bbox 1010 1640 1103 1691; x_wconf 80' lang='lat' dir='ltr'>quia</span> <span class='ocrx_word' id='word_1_222' title='bbox 1138 1640 1242 1679; x_wconf 88' lang='lat' dir='ltr'>hanc</span> <span class='ocrx_word' id='word_1_223' title='bbox 1280 1641 1543 1692; x_wconf 84' lang='lat' dir='ltr'>opinabamur</span> <span class='ocrx_word' id='word_1_224' title='bbox 1580 1656 1602 1680; x_wconf 87' lang='lat' dir='ltr'>a</span> <span class='ocrx_word' id='word_1_225' title='bbox 1636 1642 1823 1681; x_wconf 91' lang='lat' dir='ltr'>Bentleio</span> <span class='ocrx_word' id='word_1_226' title='bbox 1858 1642 2121 1695; x_wconf 87' lang='lat' dir='ltr'>Hauptioque</span> <span class='ocrx_word' id='word_1_227' title='bbox 2158 1655 2240 1680; x_wconf 91' lang='lat' dir='ltr'>non</span> 
     </span>
     <span class='ocr_line' id='line_1_22' title="bbox 278 1709 2238 1761; baseline 0.002 -14"><span class='ocrx_word' id='word_1_228' title='bbox 278 1723 367 1748; x_wconf 87' lang='lat' dir='ltr'>esse</span> <span class='ocrx_word' id='word_1_229' title='bbox 403 1709 521 1748; x_wconf 90' lang='lat' dir='ltr'>iustis</span> <span class='ocrx_word' id='word_1_230' title='bbox 558 1710 780 1749; x_wconf 88' lang='lat' dir='ltr'>rationibus</span> <span class='ocrx_word' id='word_1_231' title='bbox 816 1710 1078 1761; x_wconf 83' lang='lat' dir='ltr'>repudiatam.</span> <span class='ocrx_word' id='word_1_232' title='bbox 1138 1710 1301 1749; x_wconf 85' lang='lat' dir='ltr'>Etenim</span> <span class='ocrx_word' id='word_1_233' title='bbox 1331 1711 1541 1751; x_wconf 86' lang='lat' dir='ltr'>Bentleius</span> <span class='ocrx_word' id='word_1_234' title='bbox 1577 1726 1665 1751; x_wconf 88' lang='lat' dir='ltr'>cum</span> <span class='ocrx_word' id='word_1_235' title='bbox 1697 1712 1803 1751; x_wconf 89' lang='lat' dir='ltr'>hunc</span> <span class='ocrx_word' id='word_1_236' title='bbox 1833 1712 1992 1751; x_wconf 89' lang='lat' dir='ltr'>dicendi</span> <span class='ocrx_word' id='word_1_237' title='bbox 2022 1725 2139 1751; x_wconf 87' lang='lat' dir='ltr'>usum</span> <span class='ocrx_word' id='word_1_238' title='bbox 2169 1725 2238 1750; x_wconf 92' lang='lat' dir='ltr'>ne-</span> 
     </span>
     <span class='ocr_line' id='line_1_23' title="bbox 276 1778 2236 1832; baseline 0.002 -16"><span class='ocrx_word' id='word_1_239' title='bbox 276 1784 392 1828; x_wconf 82' lang='lat' dir='ltr'>garet</span> <span class='ocrx_word' id='word_1_240' title='bbox 429 1778 609 1817; x_wconf 83' lang='lat' dir='ltr'>additum</span> <span class='ocrx_word' id='word_1_241' title='bbox 647 1778 697 1817; x_wconf 89' lang='lat' dir='ltr'>ad</span> <span class='ocrx_word' id='word_1_242' title='bbox 732 1780 886 1817; x_wconf 71' lang='lat' dir='ltr'>victoris</span> <span class='ocrx_word' id='word_1_243' title='bbox 921 1793 1068 1817; x_wconf 90' lang='lat' dir='ltr'>nomen</span> <span class='ocrx_word' id='word_1_244' title='bbox 1105 1779 1314 1831; x_wconf 86' lang='lat' dir='ltr'>epitheton</span> <span class='ocrx_word' id='word_1_245' title='bbox 1350 1781 1544 1832; x_wconf 78' lang='lat' dir='ltr'>recipere,</span> <span class='ocrx_word' id='word_1_246' title='bbox 1580 1795 1662 1820; x_wconf 91' lang='lat' dir='ltr'>non</span> <span class='ocrx_word' id='word_1_247' title='bbox 1698 1781 1854 1820; x_wconf 84' lang='lat' dir='ltr'>curavit</span> <span class='ocrx_word' id='word_1_248' title='bbox 1888 1781 1965 1820; x_wconf 88' lang='lat' dir='ltr'>alio</span> <span class='ocrx_word' id='word_1_249' title='bbox 1995 1780 2116 1820; x_wconf 87' lang='lat' dir='ltr'>modo</span> <span class='ocrx_word' id='word_1_250' title='bbox 2147 1795 2236 1820; x_wconf 82' lang='lat' dir='ltr'>ora-</span> 
     </span>
     <span class='ocr_line' id='line_1_24' title="bbox 273 1847 2237 1901; baseline 0.002 -17"><span class='ocrx_word' id='word_1_251' title='bbox 273 1847 426 1885; x_wconf 91' lang='lat' dir='ltr'>tionem</span> <span class='ocrx_word' id='word_1_252' title='bbox 464 1847 663 1885; x_wconf 82' lang='lat' dir='ltr'>evolventi</span> <span class='ocrx_word' id='word_1_253' title='bbox 701 1847 778 1885; x_wconf 88' lang='lat' dir='ltr'>hoc</span> <span class='ocrx_word' id='word_1_254' title='bbox 812 1847 1111 1890; x_wconf 85' lang='lat' dir='ltr'>incommodum</span> <span class='ocrx_word' id='word_1_255' title='bbox 1143 1848 1302 1886; x_wconf 81' lang='lat' dir='ltr'>evitari:</span> <span class='ocrx_word' id='word_1_256' title='bbox 1341 1863 1484 1901; x_wconf 87' lang='lat' dir='ltr'>nempe</span> <span class='ocrx_word' id='word_1_257' title='bbox 1516 1864 1595 1887; x_wconf 91' lang='lat' dir='ltr'>non</span> <span class='ocrx_word' id='word_1_258' title='bbox 1627 1852 1804 1888; x_wconf 74' lang='lat' dir='ltr'>victorem</span> <span class='ocrx_word' id='word_1_259' title='bbox 1833 1851 2029 1888; x_wconf 76' lang='lat' dir='ltr'>violentem</span> <span class='ocrx_word' id='word_1_260' title='bbox 2060 1849 2237 1901; x_wconf 88' lang='lat' dir='ltr'>appella—</span> 
     </span>
     <span class='ocr_line' id='line_1_25' title="bbox 275 1914 2234 1970; baseline 0.001 -17"><span class='ocrx_word' id='word_1_261' title='bbox 275 1915 334 1953; x_wconf 88' lang='lat' dir='ltr'>vit</span> <span class='ocrx_word' id='word_1_262' title='bbox 354 1915 561 1964; x_wconf 86' lang='lat' dir='ltr'>Horatius,</span> <span class='ocrx_word' id='word_1_263' title='bbox 593 1916 664 1955; x_wconf 84' lang='lat' dir='ltr'>scd</span> <span class='ocrx_word' id='word_1_264' title='bbox 695 1915 772 1954; x_wconf 90' lang='lat' dir='ltr'>hoc</span> <span class='ocrx_word' id='word_1_265' title='bbox 803 1916 901 1955; x_wconf 89' lang='lat' dir='ltr'>dicit</span> <span class='ocrx_word' id='word_1_266' title='bbox 930 1914 1159 1968; x_wconf 84' lang='lat' dir='ltr'>‘postquam</span> <span class='ocrx_word' id='word_1_267' title='bbox 1191 1932 1318 1967; x_wconf 87' lang='lat' dir='ltr'>equus</span> <span class='ocrx_word' id='word_1_268' title='bbox 1346 1919 1475 1956; x_wconf 81' lang='lat' dir='ltr'>victor</span> <span class='ocrx_word' id='word_1_269' title='bbox 1505 1919 1542 1957; x_wconf 85' lang='lat' dir='ltr'>h.</span> <span class='ocrx_word' id='word_1_270' title='bbox 1562 1933 1594 1957; x_wconf 90' lang='lat' dir='ltr'>e.</span> <span class='ocrx_word' id='word_1_271' title='bbox 1623 1919 1794 1957; x_wconf 85' lang='lat' dir='ltr'>victoria</span> <span class='ocrx_word' id='word_1_272' title='bbox 1821 1924 2025 1970; x_wconf 85' lang='lat' dir='ltr'>reportata</span> <span class='ocrx_word' id='word_1_273' title='bbox 2054 1916 2234 1970; x_wconf 61' lang='grc' dir='ltr'>(νικήσας)</span> 
     </span>
     <span class='ocr_line' id='line_1_26' title="bbox 275 1983 2235 2036; baseline 0.002 -15"><span class='ocrx_word' id='word_1_274' title='bbox 275 1983 430 2022; x_wconf 86' lang='lat' dir='ltr'>violens</span> <span class='ocrx_word' id='word_1_275' title='bbox 461 1984 545 2022; x_wconf 84' lang='lat' dir='ltr'>sive</span> <span class='ocrx_word' id='word_1_276' title='bbox 576 1984 742 2022; x_wconf 86' lang='lat' dir='ltr'>violenti</span> <span class='ocrx_word' id='word_1_277' title='bbox 773 1984 905 2022; x_wconf 92' lang='lat' dir='ltr'>animo</span> <span class='ocrx_word' id='word_1_278' title='bbox 937 1985 986 2022; x_wconf 90' lang='lat' dir='ltr'>ab</span> <span class='ocrx_word' id='word_1_279' title='bbox 1018 1986 1135 2023; x_wconf 86' lang='lat' dir='ltr'>hoste</span> <span class='ocrx_word' id='word_1_280' title='bbox 1166 1985 1377 2024; x_wconf 82' lang='lat' dir='ltr'>discessit.&#39;</span> <span class='ocrx_word' id='word_1_281' title='bbox 1431 1986 1523 2036; x_wconf 83' lang='lat' dir='ltr'>Quo</span> <span class='ocrx_word' id='word_1_282' title='bbox 1554 1987 1674 2025; x_wconf 89' lang='lat' dir='ltr'>modo</span> <span class='ocrx_word' id='word_1_283' title='bbox 1705 2001 1796 2024; x_wconf 88' lang='lat' dir='ltr'>cum</span> <span class='ocrx_word' id='word_1_284' title='bbox 1827 1987 1892 2024; x_wconf 88' lang='lat' dir='ltr'>alii</span> <span class='ocrx_word' id='word_1_285' title='bbox 1922 1992 2007 2024; x_wconf 90' lang='lat' dir='ltr'>tum</span> <span class='ocrx_word' id='word_1_286' title='bbox 2037 1986 2235 2024; x_wconf 87' lang='lat' dir='ltr'>Horatius</span> 
     </span>
     <span class='ocr_line' id='line_1_27' title="bbox 273 2053 2236 2107; baseline 0.002 -17"><span class='ocrx_word' id='word_1_287' title='bbox 273 2053 361 2103; x_wconf 89' lang='lat' dir='ltr'>ipse</span> <span class='ocrx_word' id='word_1_288' title='bbox 391 2067 473 2090; x_wconf 91' lang='lat' dir='ltr'>non</span> <span class='ocrx_word' id='word_1_289' title='bbox 503 2067 593 2091; x_wconf 87' lang='lat' dir='ltr'>raro</span> <span class='ocrx_word' id='word_1_290' title='bbox 625 2054 848 2092; x_wconf 87' lang='lat' dir='ltr'>orationem</span> <span class='ocrx_word' id='word_1_291' title='bbox 879 2054 1084 2102; x_wconf 79' lang='lat' dir='ltr'>formavit,</span> <span class='ocrx_word' id='word_1_292' title='bbox 1118 2060 1163 2091; x_wconf 91' lang='lat' dir='ltr'>ut</span> <span class='ocrx_word' id='word_1_293' title='bbox 1193 2055 1233 2092; x_wconf 93' lang='lat' dir='ltr'>in</span> <span class='ocrx_word' id='word_1_294' title='bbox 1265 2055 1525 2105; x_wconf 80' lang='lat' dir='ltr'>ambiguitate</span> <span class='ocrx_word' id='word_1_295' title='bbox 1555 2056 1775 2107; x_wconf 86' lang='lat' dir='ltr'>legentium</span> <span class='ocrx_word' id='word_1_296' title='bbox 1805 2055 1997 2094; x_wconf 88' lang='lat' dir='ltr'>iudicium</span> <span class='ocrx_word' id='word_1_297' title='bbox 2028 2061 2236 2107; x_wconf 80' lang='lat' dir='ltr'>exspecta-</span> 
     </span>
     <span class='ocr_line' id='line_1_28' title="bbox 273 2120 2234 2176; baseline 0.002 -17"><span class='ocrx_word' id='word_1_298' title='bbox 273 2126 346 2159; x_wconf 88' lang='lat' dir='ltr'>ret.</span> <span class='ocrx_word' id='word_1_299' title='bbox 408 2120 490 2170; x_wconf 82' lang='lat' dir='ltr'>Qui</span> <span class='ocrx_word' id='word_1_300' title='bbox 522 2135 611 2159; x_wconf 88' lang='lat' dir='ltr'>cum</span> <span class='ocrx_word' id='word_1_301' title='bbox 644 2122 784 2160; x_wconf 90' lang='lat' dir='ltr'>scribit</span> <span class='ocrx_word' id='word_1_302' title='bbox 814 2122 900 2162; x_wconf 84' lang='lat' dir='ltr'>Sat.</span> <span class='ocrx_word' id='word_1_303' title='bbox 926 2124 968 2169; x_wconf 74' lang='lat'>2,</span> <span class='ocrx_word' id='word_1_304' title='bbox 991 2123 1033 2170; x_wconf 87' lang='lat'>3,</span> <span class='ocrx_word' id='word_1_305' title='bbox 1055 2124 1134 2160; x_wconf 77' lang='lat'>225</span> <span class='ocrx_word' id='word_1_306' title='bbox 1164 2125 1289 2161; x_wconf 77' lang='lat' dir='ltr'>vincet</span> <span class='ocrx_word' id='word_1_307' title='bbox 1318 2125 1419 2161; x_wconf 86' lang='lat' dir='ltr'>enim</span> <span class='ocrx_word' id='word_1_308' title='bbox 1448 2125 1585 2162; x_wconf 71' lang='lat' dir='ltr'>stultos</span> <span class='ocrx_word' id='word_1_309' title='bbox 1613 2128 1714 2163; x_wconf 74' lang='lat' dir='ltr'>ratio</span> <span class='ocrx_word' id='word_1_310' title='bbox 1744 2127 1921 2163; x_wconf 76' lang='lat' dir='ltr'>insanire</span> <span class='ocrx_word' id='word_1_311' title='bbox 1949 2132 2117 2176; x_wconf 74' lang='lat' dir='ltr'>nepotes,</span> <span class='ocrx_word' id='word_1_312' title='bbox 2151 2137 2234 2162; x_wconf 90' lang='lat' dir='ltr'>non</span> 
     </span>
     <span class='ocr_line' id='line_1_29' title="bbox 272 2189 2233 2244; baseline 0.002 -17"><span class='ocrx_word' id='word_1_313' title='bbox 272 2189 408 2227; x_wconf 71' lang='lat' dir='ltr'>stultos</span> <span class='ocrx_word' id='word_1_314' title='bbox 442 2196 593 2241; x_wconf 74' lang='lat' dir='ltr'>nepotes</span> <span class='ocrx_word' id='word_1_315' title='bbox 630 2189 820 2241; x_wconf 87' lang='lat' dir='ltr'>coniungi</span> <span class='ocrx_word' id='word_1_316' title='bbox 856 2189 928 2228; x_wconf 89' lang='lat' dir='ltr'>sed</span> <span class='ocrx_word' id='word_1_317' title='bbox 964 2190 1041 2228; x_wconf 87' lang='lat' dir='ltr'>hoc</span> <span class='ocrx_word' id='word_1_318' title='bbox 1075 2190 1246 2241; x_wconf 85' lang='lat' dir='ltr'>intelligi</span> <span class='ocrx_word' id='word_1_319' title='bbox 1278 2191 1404 2230; x_wconf 87' lang='lat' dir='ltr'>voluit</span> <span class='ocrx_word' id='word_1_320' title='bbox 1431 2189 1600 2231; x_wconf 76' lang='lat' dir='ltr'>‘evincet</span> <span class='ocrx_word' id='word_1_321' title='bbox 1631 2193 1733 2231; x_wconf 88' lang='lat' dir='ltr'>ratio</span> <span class='ocrx_word' id='word_1_322' title='bbox 1764 2198 1934 2244; x_wconf 87' lang='lat' dir='ltr'>nepotes</span> <span class='ocrx_word' id='word_1_323' title='bbox 1965 2197 2105 2244; x_wconf 86' lang='lat' dir='ltr'>utpote</span> <span class='ocrx_word' id='word_1_324' title='bbox 2136 2191 2233 2231; x_wconf 91' lang='lat' dir='ltr'>stul-</span> 
     </span>
     <span class='ocr_line' id='line_1_30' title="bbox 271 2257 2232 2315; baseline 0.002 -19"><span class='ocrx_word' id='word_1_325' title='bbox 271 2262 336 2297; x_wconf 88' lang='lat' dir='ltr'>tos</span> <span class='ocrx_word' id='word_1_326' title='bbox 371 2257 576 2308; x_wconf 87' lang='lat' dir='ltr'>insanire&#39;,</span> <span class='ocrx_word' id='word_1_327' title='bbox 613 2263 682 2297; x_wconf 91' lang='lat' dir='ltr'>aut</span> <span class='ocrx_word' id='word_1_328' title='bbox 713 2257 759 2298; x_wconf 90' lang='lat' dir='ltr'>C.</span> <span class='ocrx_word' id='word_1_329' title='bbox 782 2259 825 2308; x_wconf 89' lang='lat'>3,</span> <span class='ocrx_word' id='word_1_330' title='bbox 848 2259 919 2309; x_wconf 76' lang='lat'>20,</span> <span class='ocrx_word' id='word_1_331' title='bbox 941 2259 964 2297; x_wconf 88' lang='grc'><strong>3</strong></span> <span class='ocrx_word' id='word_1_332' title='bbox 1002 2259 1104 2298; x_wconf 81' lang='lat' dir='ltr'>dura</span> <span class='ocrx_word' id='word_1_333' title='bbox 1135 2267 1227 2312; x_wconf 74' lang='lat' dir='ltr'>post</span> <span class='ocrx_word' id='word_1_334' title='bbox 1253 2261 1377 2312; x_wconf 81' lang='lat' dir='ltr'>paulo</span> <span class='ocrx_word' id='word_1_335' title='bbox 1400 2260 1539 2313; x_wconf 67' lang='lat' dir='ltr'>fuqz‘ea</span> <span class='ocrx_word' id='word_1_336' title='bbox 1573 2262 1751 2301; x_wconf 67' lang='lat' dir='ltr'>inaudaoe</span> <span class='ocrx_word' id='word_1_337' title='bbox 1778 2263 1932 2315; x_wconf 76' lang='lat' dir='ltr'>proelia</span> <span class='ocrx_word' id='word_1_338' title='bbox 1966 2268 2115 2315; x_wconf 76' lang='lat' dir='ltr'>raptor,</span> <span class='ocrx_word' id='word_1_339' title='bbox 2151 2275 2232 2300; x_wconf 90' lang='lat' dir='ltr'>non</span> 
     </span>
     <span class='ocr_line' id='line_1_31' title="bbox 269 2326 2233 2383; baseline 0.002 -18"><span class='ocrx_word' id='word_1_340' title='bbox 269 2328 505 2366; x_wconf 79' lang='lat' dir='ltr'>inaudacem</span> <span class='ocrx_word' id='word_1_341' title='bbox 535 2335 732 2379; x_wconf 76' lang='lat' dir='ltr'>raptorem</span> <span class='ocrx_word' id='word_1_342' title='bbox 762 2327 833 2366; x_wconf 86' lang='lat' dir='ltr'>sed</span> <span class='ocrx_word' id='word_1_343' title='bbox 863 2328 939 2366; x_wconf 88' lang='lat' dir='ltr'>hoc</span> <span class='ocrx_word' id='word_1_344' title='bbox 968 2329 1104 2379; x_wconf 90' lang='lat' dir='ltr'>potius</span> <span class='ocrx_word' id='word_1_345' title='bbox 1135 2328 1233 2367; x_wconf 85' lang='lat' dir='ltr'>dicit</span> <span class='ocrx_word' id='word_1_346' title='bbox 1262 2326 1319 2367; x_wconf 90' lang='lat' dir='ltr'>‘tu</span> <span class='ocrx_word' id='word_1_347' title='bbox 1352 2335 1490 2381; x_wconf 89' lang='lat' dir='ltr'>raptor</span> <span class='ocrx_word' id='word_1_348' title='bbox 1522 2331 1577 2380; x_wconf 84' lang='lat' dir='ltr'>(h.</span> <span class='ocrx_word' id='word_1_349' title='bbox 1602 2344 1635 2368; x_wconf 82' lang='lat' dir='ltr'>c.</span> <span class='ocrx_word' id='word_1_350' title='bbox 1668 2332 1735 2381; x_wconf 90' lang='lat' dir='ltr'>qui</span> <span class='ocrx_word' id='word_1_351' title='bbox 1757 2332 1943 2383; x_wconf 88' lang='lat' dir='ltr'>rapuisti)</span> <span class='ocrx_word' id='word_1_352' title='bbox 1973 2330 2108 2383; x_wconf 86' lang='lat' dir='ltr'>paullo</span> <span class='ocrx_word' id='word_1_353' title='bbox 2137 2335 2233 2381; x_wconf 87' lang='lat' dir='ltr'>post</span> 
     </span>
     <span class='ocr_line' id='line_1_32' title="bbox 271 2395 2167 2450; baseline 0.002 -16"><span class='ocrx_word' id='word_1_354' title='bbox 271 2395 402 2446; x_wconf 86' lang='lat' dir='ltr'>fugies</span> <span class='ocrx_word' id='word_1_355' title='bbox 433 2395 633 2435; x_wconf 84' lang='lat' dir='ltr'>inaudax.&#39;</span> <span class='ocrx_word' id='word_1_356' title='bbox 690 2396 782 2446; x_wconf 85' lang='lat' dir='ltr'>Quo</span> <span class='ocrx_word' id='word_1_357' title='bbox 814 2410 959 2447; x_wconf 82' lang='lat' dir='ltr'>genere</span> <span class='ocrx_word' id='word_1_358' title='bbox 989 2396 1180 2447; x_wconf 92' lang='lat' dir='ltr'>loquendi</span> <span class='ocrx_word' id='word_1_359' title='bbox 1211 2396 1392 2437; x_wconf 90' lang='lat' dir='ltr'>adhibito</span> <span class='ocrx_word' id='word_1_360' title='bbox 1424 2399 1543 2437; x_wconf 89' lang='lat' dir='ltr'>etiam</span> <span class='ocrx_word' id='word_1_361' title='bbox 1574 2399 1653 2447; x_wconf 84' lang='lat' dir='ltr'>illa,</span> <span class='ocrx_word' id='word_1_362' title='bbox 1685 2414 1786 2450; x_wconf 87' lang='lat' dir='ltr'>quae</span> <span class='ocrx_word' id='word_1_363' title='bbox 1817 2406 1912 2439; x_wconf 90' lang='lat' dir='ltr'>sunt</span> <span class='ocrx_word' id='word_1_364' title='bbox 1941 2400 1981 2438; x_wconf 91' lang='lat' dir='ltr'>in</span> <span class='ocrx_word' id='word_1_365' title='bbox 2013 2397 2060 2438; x_wconf 89' lang='lat' dir='ltr'>C.</span> <span class='ocrx_word' id='word_1_366' title='bbox 2084 2400 2122 2448; x_wconf 88' lang='lat'>3,</span> <span class='ocrx_word' id='word_1_367' title='bbox 2144 2401 2167 2437; x_wconf 82' lang='lat'>6</span> 
     </span>
     <span class='ocr_line' id='line_1_33' title="bbox 778 2464 1565 2517; baseline 0.004 -14"><span class='ocrx_word' id='word_1_368' title='bbox 778 2465 826 2503; x_wconf 80' lang='lat'>21</span> <span class='ocrx_word' id='word_1_369' title='bbox 888 2470 1021 2505; x_wconf 89' lang='lat' dir='ltr'>motus</span> <span class='ocrx_word' id='word_1_370' title='bbox 1052 2464 1189 2504; x_wconf 91' lang='lat' dir='ltr'>doceri</span> <span class='ocrx_word' id='word_1_371' title='bbox 1220 2465 1371 2517; x_wconf 85' lang='lat' dir='ltr'>gaudet</span> <span class='ocrx_word' id='word_1_372' title='bbox 1400 2466 1565 2506; x_wconf 91' lang='lat' dir='ltr'>Ionicos</span> 
     </span>
    </p>

    <p class='ocr_par' dir='ltr' id='par_1_3' title="bbox 887 2534 1637 2586">
     <span class='ocr_line' id='line_1_34' title="bbox 887 2534 1637 2586; baseline 0.004 -14"><span class='ocrx_word' id='word_1_373' title='bbox 887 2539 1044 2573; x_wconf 84' lang='lat' dir='ltr'>matura</span> <span class='ocrx_word' id='word_1_374' title='bbox 1073 2534 1187 2586; x_wconf 87' lang='lat' dir='ltr'>virgo</span> <span class='ocrx_word' id='word_1_375' title='bbox 1219 2540 1259 2573; x_wconf 89' lang='lat' dir='ltr'>et</span> <span class='ocrx_word' id='word_1_376' title='bbox 1287 2534 1456 2586; x_wconf 88' lang='lat' dir='ltr'>fingitur</span> <span class='ocrx_word' id='word_1_377' title='bbox 1486 2536 1637 2576; x_wconf 88' lang='lat' dir='ltr'>artibus</span> 
     </span>
    </p>

    <p class='ocr_par' dir='ltr' id='par_1_4' title="bbox 886 2604 1563 2644">
     <span class='ocr_line' id='line_1_35' title="bbox 886 2604 1563 2644; baseline 0.003 -3"><span class='ocrx_word' id='word_1_378' title='bbox 886 2604 963 2641; x_wconf 88' lang='lat' dir='ltr'>iam</span> <span class='ocrx_word' id='word_1_379' title='bbox 994 2618 1100 2642; x_wconf 88' lang='lat' dir='ltr'>nunc</span> <span class='ocrx_word' id='word_1_380' title='bbox 1130 2610 1169 2642; x_wconf 85' lang='lat' dir='ltr'>et</span> <span class='ocrx_word' id='word_1_381' title='bbox 1198 2605 1376 2643; x_wconf 89' lang='lat' dir='ltr'>incestos</span> <span class='ocrx_word' id='word_1_382' title='bbox 1407 2618 1563 2644; x_wconf 86' lang='lat' dir='ltr'>amores</span> 
     </span>
    </p>

    <p class='ocr_par' dir='ltr' id='par_1_5' title="bbox 889 2671 1529 2725">
     <span class='ocr_line' id='line_1_36' title="bbox 889 2671 1529 2725; baseline 0.003 -14"><span class='ocrx_word' id='word_1_383' title='bbox 889 2671 938 2711; x_wconf 88' lang='lat' dir='ltr'>de</span> <span class='ocrx_word' id='word_1_384' title='bbox 968 2678 1106 2712; x_wconf 87' lang='lat' dir='ltr'>tenero</span> <span class='ocrx_word' id='word_1_385' title='bbox 1137 2672 1356 2713; x_wconf 87' lang='lat' dir='ltr'>meditatur</span> <span class='ocrx_word' id='word_1_386' title='bbox 1386 2674 1529 2725; x_wconf 88' lang='lat' dir='ltr'>ungui:</span> 
     </span>
    </p>
   </div>
   <div class='ocr_carea' id='block_1_3' title="bbox 261 2756 2226 3086">
    <p class='ocr_par' dir='ltr' id='par_1_6' title="bbox 261 2756 2226 3086">
     <span class='ocr_line' id='line_1_37' title="bbox 777 2756 1607 2808; baseline 0.005 -15"><span class='ocrx_word' id='word_1_387' title='bbox 777 2756 828 2793; x_wconf 76' lang='lat'>25</span> <span class='ocrx_word' id='word_1_388' title='bbox 887 2769 980 2793; x_wconf 81' lang='lat' dir='ltr'>mox</span> <span class='ocrx_word' id='word_1_389' title='bbox 1009 2756 1187 2796; x_wconf 90' lang='lat' dir='ltr'>iuniores</span> <span class='ocrx_word' id='word_1_390' title='bbox 1217 2757 1374 2808; x_wconf 90' lang='lat' dir='ltr'>quaerit</span> <span class='ocrx_word' id='word_1_391' title='bbox 1404 2756 1607 2797; x_wconf 86' lang='lat' dir='ltr'>adulteros</span> 
     </span>
     <span class='ocr_line' id='line_1_38' title="bbox 885 2825 1289 2875; baseline 0.005 -12"><span class='ocrx_word' id='word_1_392' title='bbox 885 2825 991 2864; x_wconf 88' lang='lat' dir='ltr'>inter</span> <span class='ocrx_word' id='word_1_393' title='bbox 1020 2826 1151 2864; x_wconf 86' lang='lat' dir='ltr'>mariti</span> <span class='ocrx_word' id='word_1_394' title='bbox 1183 2827 1289 2875; x_wconf 89' lang='lat' dir='ltr'>vina,</span> 
     </span>
     <span class='ocr_line' id='line_1_39' title="bbox 269 2892 2226 2948; baseline 0.002 -16"><span class='ocrx_word' id='word_1_395' title='bbox 269 2892 319 2932; x_wconf 88' lang='lat' dir='ltr'>ad</span> <span class='ocrx_word' id='word_1_396' title='bbox 349 2893 597 2945; x_wconf 88' lang='lat' dir='ltr'>probabilem</span> <span class='ocrx_word' id='word_1_397' title='bbox 628 2894 668 2933; x_wconf 92' lang='lat' dir='ltr'>ni</span> <span class='ocrx_word' id='word_1_398' title='bbox 698 2893 874 2932; x_wconf 88' lang='lat' dir='ltr'>fallimur</span> <span class='ocrx_word' id='word_1_399' title='bbox 904 2894 1144 2933; x_wconf 82' lang='lat' dir='ltr'>sententiam</span> <span class='ocrx_word' id='word_1_400' title='bbox 1176 2900 1440 2934; x_wconf 90' lang='lat' dir='ltr'>revocantur:</span> <span class='ocrx_word' id='word_1_401' title='bbox 1477 2903 1676 2934; x_wconf 76' lang='lat' dir='ltr'>maturam</span> <span class='ocrx_word' id='word_1_402' title='bbox 1705 2898 1891 2948; x_wconf 70' lang='lat' dir='ltr'>vir-qinom</span> <span class='ocrx_word' id='word_1_403' title='bbox 1921 2896 1960 2935; x_wconf 87' lang='lat' dir='ltr'>h.</span> <span class='ocrx_word' id='word_1_404' title='bbox 1984 2911 2016 2935; x_wconf 87' lang='lat' dir='ltr'>e.</span> <span class='ocrx_word' id='word_1_405' title='bbox 2049 2897 2226 2936; x_wconf 87' lang='lat' dir='ltr'>nubilem</span> 
     </span>
     <span class='ocr_line' id='line_1_40' title="bbox 266 2961 2225 3018; baseline 0.003 -18"><span class='ocrx_word' id='word_1_406' title='bbox 266 2961 602 3015; x_wconf 82' lang='lat' dir='ltr'>interpretantur3</span> <span class='ocrx_word' id='word_1_407' title='bbox 638 2974 718 3013; x_wconf 93' lang='lat' dir='ltr'>quo</span> <span class='ocrx_word' id='word_1_408' title='bbox 749 2962 861 3002; x_wconf 79' lang='lat' dir='ltr'>facto</span> <span class='ocrx_word' id='word_1_409' title='bbox 894 2962 1097 3002; x_wconf 80' lang='lat' dir='ltr'>exsistunt</span> <span class='ocrx_word' id='word_1_410' title='bbox 1126 2962 1408 3014; x_wconf 85' lang='lat' dir='ltr'>difficultates,</span> <span class='ocrx_word' id='word_1_411' title='bbox 1444 2964 1484 3003; x_wconf 90' lang='lat' dir='ltr'>in</span> <span class='ocrx_word' id='word_1_412' title='bbox 1516 2965 1659 3016; x_wconf 87' lang='lat' dir='ltr'>quibus</span> <span class='ocrx_word' id='word_1_413' title='bbox 1690 2964 1952 3018; x_wconf 85' lang='lat' dir='ltr'>expediendis</span> <span class='ocrx_word' id='word_1_414' title='bbox 1982 2966 2225 3018; x_wconf 88' lang='lat' dir='ltr'>interpretes</span> 
     </span>
     <span class='ocr_line' id='line_1_41' title="bbox 261 3031 2225 3086; baseline 0.003 -17"><span class='ocrx_word' id='word_1_415' title='bbox 261 3031 412 3071; x_wconf 85' lang='lat' dir='ltr'>frustra</span> <span class='ocrx_word' id='word_1_416' title='bbox 443 3044 486 3070; x_wconf 87' lang='lat' dir='ltr'>se</span> <span class='ocrx_word' id='word_1_417' title='bbox 517 3037 720 3081; x_wconf 87' lang='lat' dir='ltr'>torquent.</span> <span class='ocrx_word' id='word_1_418' title='bbox 767 3031 850 3073; x_wconf 86' lang='lat' dir='ltr'>Sed</span> <span class='ocrx_word' id='word_1_419' title='bbox 877 3031 1072 3071; x_wconf 84' lang='lat' dir='ltr'>Horatius</span> <span class='ocrx_word' id='word_1_420' title='bbox 1101 3033 1228 3071; x_wconf 86' lang='lat' dir='ltr'>voluit</span> <span class='ocrx_word' id='word_1_421' title='bbox 1257 3031 1425 3079; x_wconf 78' lang='lat' dir='ltr'>‘matura</span> <span class='ocrx_word' id='word_1_422' title='bbox 1455 3033 1607 3085; x_wconf 85' lang='lat' dir='ltr'>gaudet</span> <span class='ocrx_word' id='word_1_423' title='bbox 1634 3035 1747 3086; x_wconf 87' lang='lat' dir='ltr'>virgo</span> <span class='ocrx_word' id='word_1_424' title='bbox 1779 3040 1910 3074; x_wconf 87' lang='lat' dir='ltr'>motus</span> <span class='ocrx_word' id='word_1_425' title='bbox 1937 3035 2098 3075; x_wconf 89' lang='lat' dir='ltr'>Ionicos</span> <span class='ocrx_word' id='word_1_426' title='bbox 2129 3036 2225 3075; x_wconf 89' lang='lat' dir='ltr'>edo-</span> 
     </span>
    </p>
   </div>
   <div class='ocr_carea' id='block_1_4' title="bbox 2212 0 2525 30">
    <p class='ocr_par' dir='ltr' id='par_1_7' title="bbox 2212 0 2525 30">
     <span class='ocr_line' id='line_1_42' title="bbox 2212 0 2525 30; baseline 0.006 -11"><span class='ocrx_word' id='word_1_427' title='bbox 2212 0 2248 9; x_wconf 28' lang='lat' dir='ltr'>-r-</span> <span class='ocrx_word' id='word_1_428' title='bbox 2269 0 2525 30; x_wconf 50' lang='lat' dir='ltr'>“tr-wem</span> 
     </span>
    </p>
   </div>
  </div>
 </body>
</html>
