2525 3497
1224 201 1276 244 11

271 325 377 367 ceri?
428 326 511 379 Qui
541 328 574 368 si
604 334 756 367 mature
785 325 1015 379 scripsisset
1044 325 1084 365 h.
1107 339 1139 365 e.
1172 330 1332 365 maturo
1362 330 1557 379 tempore,
1587 339 1705 365 nemo
1735 325 1836 366 haec
1866 326 2125 380 vituperaret,
2156 326 2228 368 sed

269 404 427 436 matura
464 403 503 436 et
532 403 659 436 metro
689 396 948 447 flagitabatur
977 401 1015 434 et
1048 400 1132 434 erat
1162 395 1346 444 latinius,
1381 409 1513 446 neque
1543 395 1761 435 verendum
1792 402 1877 435 erat
1906 411 1956 436 ne
1987 398 2227 448 ambiguitas

271 472 451 506 oreretur
486 481 535 506 ex
569 465 706 518 positu
740 465 781 503 in
818 464 989 517 simplici
1024 463 1226 504 sententia
1261 464 1607 516 quamuniversa
1644 465 1772 504 oratio
1808 465 1919 505 haud
1954 467 2124 506 obscure
2154 466 2223 506 de-

270 535 499 587 clarabatf)
543 534 611 574 Ad
640 534 749 572 hunc
778 533 941 572 modum
973 547 1063 574 cum
1093 533 1235 571 violens
1265 547 1288 571 a
1316 521 1455 572 &ictor-e
1484 547 1757 585 segregamus,
1787 549 1869 574 non
1899 541 1961 574 est
1990 534 2100 586 quod
2129 537 2226 575 victo

269 604 528 655 praeferatur,
564 604 684 642 immo
721 616 802 641 non
838 602 1066 642 inconsulto
1103 616 1231 654 equus
1267 602 1336 653 qui
1372 607 1465 641 ante
1500 604 1628 642 minor
1658 608 1743 641 erat
1779 604 1819 642 iu
1856 604 1978 656 longo
2009 605 2225 644 certamine

271 688 377 714 nunc
410 675 530 713 victor
561 672 664 724 (sive
695 672 894 725 superior)
930 672 980 711 ab
1013 672 1115 712 hoste
1148 671 1285 724 potius
1322 686 1443 724 quam
1478 672 1573 712 victo
1604 673 1653 712 ab
1683 674 1784 712 hoate
1821 673 1899 713 dici
1929 672 2115 713 videatur
2143 673 2226 714 dis-

272 743 452 782 cessisse.
500 741 622 792 Quod
652 742 686 780 si
713 743 833 780 victor
862 742 1070 790 retinetur,
1101 741 1208 780 bona
1236 753 1330 793 pars
1359 740 1668 793 probabilitatis,
1699 756 1779 793 qua
1798 742 1966 794 Hauptii
1997 743 2226 782 coniectura

271 812 443 860 nitebat,
474 811 611 862 periit,
641 815 681 849 et
710 815 755 848 ut
783 824 921 848 verum
950 811 1159 859 fateamur,
1191 810 1373 860 quamvis
1404 811 1589 860 speciosa
1618 811 1670 849 sit
1699 811 1775 850 ista
1805 811 2031 850 emendatio
2063 818 2102 850 et
2132 827 2225 850 auc-

271 886 357 919 tore
388 894 460 919 suo
491 879 626 931 digna,
657 884 788 917 tamen
818 893 900 917 non
929 879 984 917 ita
1004 880 1089 917 veri
1120 879 1246 917 simile
1278 883 1352 927 est,
1384 891 1433 916 ex
1464 879 1598 931 (victo)
1627 881 1759 918 ridens
1788 894 1860 931 per
1890 894 2064 918 errorem
2086 887 2223 919 natum

272 964 361 989 csse
392 949 548 999 (victor)
578 949 734 997 violens,
765 962 867 998 quae
898 953 957 986 est
988 962 1067 986 vox
1096 948 1287 986 inusitata
1317 952 1357 985 et
1386 961 1487 985 rara.
1545 948 1688 998 Itaque
1719 948 1796 987 hoc
1827 948 2028 1001 agendum
2060 955 2121 988 est
2152 950 2223 987 im-

271 1018 436 1070 pensius
465 1022 511 1056 ut
541 1016 747 1068 epitheton
777 1017 909 1068 ipsum
940 1030 962 1055 a
986 1016 1215 1068 suspicione
1237 1016 1330 1055 falsi
1350 1015 1611 1055 vindicemus.
1658 1018 1719 1055 Ac
1739 1016 1949 1057 Bentleius
1971 1017 2081 1068 quod
2102 1024 2223 1068 negat

271 1092 363 1139 apte
400 1100 547 1138 equum
580 1086 778 1124 violentem
808 1085 1001 1137 appellari
1034 1084 1112 1137 'qui
1143 1091 1182 1124 et
1210 1099 1284 1138 per
1314 1099 1356 1124 se
1387 1085 1517 1136 impar
1546 1085 1664 1123 fuerit
1694 1099 1812 1124 cervo
1843 1091 1882 1125 et
1911 1086 2019 1125 nulla
2049 1100 2121 1125 sua
2151 1087 2225 1126 sed

270 1155 455 1193 vehentis
488 1154 631 1204 equitis
659 1154 807 1192 virtute
834 1154 1043 1192 victoriam
1074 1155 1244 1206 adeptus
1277 1153 1355 1202 sit',
1386 1167 1629 1204 quamquam
1650 1153 1855 1204 Hauptius
1885 1154 1962 1193 hoc
1993 1169 2015 1192 a
2035 1155 2222 1193 Bentleio

269 1223 477 1262 verissime
514 1222 593 1261 dici
628 1222 819 1271 affirmat,
855 1228 988 1261 tamen
1024 1228 1141 1261 erunt
1174 1223 1345 1262 fortasse
1382 1223 1529 1272 quibus
1564 1222 1641 1261 hoc
1677 1222 1808 1273 ipsum
1845 1221 1954 1274 quod
1984 1237 2112 1274 equus
2143 1238 2222 1274 quo

272 1291 341 1332 diu
375 1292 539 1332 inferior
574 1297 657 1331 erat
687 1291 843 1332 hostem
873 1292 1055 1344 quamvis
1085 1306 1162 1346 ope
1192 1292 1323 1332 aliena
1353 1291 1517 1332 tandem
1547 1291 1695 1331 devicit
1724 1291 1869 1332 idonea
1899 1305 2019 1333 causa
2049 1306 2136 1333 essc
2166 1293 2224 1333 vi-

271 1360 425 1410 deatur,
455 1375 526 1399 cur
556 1361 710 1399 violens
741 1361 978 1400 discessisse
1009 1362 1059 1400 ab
1089 1361 1207 1400 hoste
1238 1361 1406 1400 dicatur.
1456 1361 1516 1400 Ut
1547 1361 1651 1399 enim
1681 1361 1789 1412 apud
1814 1361 1998 1400 Persium
2029 1362 2068 1399 in
2099 1363 2223 1401 satira

270 1430 410 1480 quinta
445 1445 535 1468 eum
566 1429 873 1468 Chaerestratus
908 1431 1115 1480 professus
1151 1444 1193 1468 se
1225 1431 1326 1468 velle
1361 1430 1611 1468 meretricem
1641 1436 1813 1467 amatam
1843 1430 2067 1481 relinquere
2099 1445 2222 1481 ψωθ-

271 1502 333 1537 rat
361 1499 428 1537 sed
456 1512 590 1539 censen
613 1498 805 1552 plorabit,
835 1498 959 1548 Dave,
995 1498 1155 1539 relicta?
1192 1512 1332 1539 servus
1361 1497 1588 1552 intelligens
1619 1498 1804 1538 iuvenem
1834 1499 1952 1539 etiam
1983 1498 2150 1540 haerere
2182 1499 2221 1539 in

271 1567 416 1606 amoris
447 1568 600 1618 laqueis
630 1567 849 1619 respondet

617 1634 811 1688 ‘nugaris,
841 1636 952 1675 solca
981 1650 1081 1687 puer
1111 1636 1376 1688 obiurgabere
1406 1635 1541 1684 rubra,

484 1707 560 1745 170
619 1720 669 1745 ne
699 1704 900 1758 trepidare
932 1705 1030 1745 velis
1061 1711 1181 1757 atquc
1213 1711 1322 1745 artos
1352 1705 1496 1745 rodere
1527 1719 1661 1745 casses

617 1789 724 1814 nunc
754 1776 862 1815 ferus
893 1780 933 1813 et
962 1775 1131 1825 violens,
1163 1780 1204 1814 at
1234 1776 1267 1814 si
1297 1780 1415 1815 vocet
1443 1772 1574 1814 “haud
1604 1774 1739 1815 mora⁷³
1770 1775 1907 1826 dicas',

263 1846 321 1884 ita
350 1858 478 1896 equus
508 1845 549 1883 in
579 1845 715 1884 fabula
743 1850 851 1883 recte
882 1844 1036 1883 violens
1067 1844 1293 1897 appellatur
1323 1849 1363 1883 et
1390 1844 1504 1883 ferox
1534 1844 1686 1883 domito
1718 1845 1849 1895 hoste,
1881 1860 1971 1886 cum
1998 1847 2116 1887 simul
2143 1848 2220 1888 hoc

263 1915 392 1966 pretio
432 1915 569 1966 iugum
606 1914 747 1953 servile
782 1919 1020 1966 perpetuum
1057 1914 1265 1965 receperit.
1327 1912 1443 1963 Quae
1479 1928 1559 1951 non
1595 1913 1708 1952 aliter
1742 1915 1847 1953 inter
1880 1930 1923 1955 se
1959 1923 2220 1969 opponuntur

264 1998 383 2033 quam
423 1982 531 2033 apud
565 1982 750 2021 Persium
790 1983 858 2032 qui
895 1996 1002 2020 nunc
1041 1983 1146 2020 ferus
1187 1988 1246 2021 est
1285 1988 1323 2020 et
1361 1982 1515 2020 violens
1551 1996 1644 2020 mox
1680 1982 1864 2021 dominae
1901 1984 2113 2035 imperanti
2149 1986 2219 2024 ob-

262 2052 407 2089 noxius
445 2052 531 2089 erit.
591 2052 654 2089 Ac
690 2051 783 2089 licet
821 2066 947 2101 equus
986 2057 1201 2102 postquam
1237 2051 1382 2088 malum
1419 2050 1609 2089 diuturno
1646 2051 1878 2090 adversario
1917 2054 2051 2091 intulit
2087 2056 2219 2093 ridens

264 2119 343 2158 dici
382 2119 569 2158 nimirum
605 2120 800 2171 potuerit,
842 2124 974 2158 tamen
1012 2119 1111 2158 haec
1147 2119 1333 2158 violentis
1370 2119 1462 2170 equi
1501 2119 1551 2158 ob
1592 2119 1796 2159 devictum
1833 2121 1992 2161 hostem
2030 2123 2218 2174 superbia

262 2188 389 2240 magis
425 2187 544 2226 etiam
579 2188 794 2226 coniuncta
829 2201 916 2227 esse
948 2201 1037 2226 cum
1069 2201 1115 2226 ea
1145 2187 1343 2226 sententia
1371 2186 1531 2227 videtur
1562 2203 1682 2240 quam
1714 2189 1892 2228 adhibita
1922 2190 2056 2229 fabula
2084 2190 2218 2230 Hora-

263 2257 341 2296 tius
378 2255 579 2296 declarare
610 2257 749 2296 voluit.
808 2256 867 2297 Ut
902 2256 1121 2296 verendum
1156 2256 1207 2297 sit
1242 2271 1292 2296 ne
1329 2256 1534 2297 divinandi
1564 2264 1669 2309 arte,
1705 2264 1751 2298 ut
1780 2259 1842 2308 fit,
1881 2273 1927 2299 ea
1956 2273 2058 2311 quae
2089 2260 2217 2313 proba

263 2331 357 2365 sunt
387 2325 586 2364 deteriora
615 2325 830 2365 reddamus
860 2327 978 2364 ultro.

450 2406 505 2433 1v.
564 2395 613 2434 In
644 2395 767 2434 satira
796 2395 914 2434 tertia
943 2395 1032 2434 libri
1062 2394 1228 2435 secundi
1258 2394 1358 2434 haec
1388 2394 1514 2434 edidit
1544 2395 1790 2435 Meinekius.

611 2461 806 2515 ‘quisnam
835 2464 958 2516 igitur
989 2462 1147 2502 sanus?'
1178 2463 1245 2514 qui
1276 2477 1356 2502 non
1388 2464 1548 2503 stultus.
1593 2462 1701 2516 ‘quid
1731 2464 1916 2505 avarus?

615 2533 761 2572 stultus
793 2537 830 2570 et
860 2533 1036 2571 insanus.
1084 2529 1206 2584 ‘quid,
1236 2532 1270 2570 si
1300 2532 1390 2583 quis
1420 2547 1499 2571 non
1531 2534 1582 2573 sit
1613 2548 1770 2585 avarus,

481 2605 557 2641 160
615 2603 804 2640 continuo
836 2601 998 2641 sanus?
1045 2602 1218 2640 minime.
1267 2600 1360 2649 ‘cur‚
1392 2602 1556 2641 stoice?
1586 2603 1729 2641 dicam.

610 2668 704 2711 ‘non
737 2675 795 2710 est
827 2669 1052 2710 cardiacus'
1082 2669 1291 2710 Craterum
1322 2669 1473 2711 dixisse
1502 2678 1643 2724 putato

611 2738 692 2778 ‘hic
723 2738 865 2791 aeger.'
910 2745 1017 2778 recte
1049 2745 1109 2779 est
1138 2740 1262 2792 igitur
1291 2740 1534 2791 surgetque?
1565 2742 1739 2793 negabit.

611 2823 691 2848 non
723 2814 783 2849 est
813 2809 997 2861 periurus
1027 2823 1157 2861 neque
1188 2808 1392 2849 sordidus:
1424 2810 1604 2849 immolet
1634 2811 1769 2862 aequis

452 2961 489 3008 '‘)
525 2961 744 3008 Kiesslingii
772 2961 933 2996 rationes
963 2961 1004 2995 de
1032 2966 1144 2995 tenero
1172 2962 1278 3006 miqui
1305 2971 1377 2995 non
1405 2960 1449 2995 de
1477 2966 1638 3008 tempore
1667 2962 1731 2997 sed
1760 2962 1803 2996 de
1832 2962 2060 3009 penitissimo
2090 2965 2209 3008 studio

263 3025 473 3071 accipientis
503 3026 673 3060 universa
701 3025 881 3060 sententia
909 3036 1003 3069 quae
1031 3024 1235 3059 certissima
1263 3025 1438 3070 temporis
1467 3025 1656 3059 notatione
1684 3027 1888 3060 continetur
1916 3038 1987 3061 non
2016 3028 2172 3062 adiuvat.

619 3088 624 3093 ⁴
1903 3089 1960 3120 φ-κ-
