2525 3497
668 892 1270 951 VNIVERSITATIS
1309 893 1844 950 LITTERARIAE

881 1044 1245 1092 FRIDERICAE
1282 1042 1628 1090 GVILELMAE

500 1187 1057 1269 RECTOR
1131 1189 1297 1267 ET
1366 1186 2007 1268 SENATVS.

281 1421 394 1507 De
429 1465 612 1505 versibus
649 1465 854 1504 nonnullis
889 1465 1122 1504 Horatianis
1162 1463 1408 1516 disputaturi
1444 1477 1525 1503 non
1561 1477 1668 1502 nova
1704 1463 1911 1504 divinandi
1948 1465 2129 1517 periculo
2166 1482 2226 1506 re-

279 1540 396 1585 perta
424 1534 564 1574 afferre
595 1535 750 1574 animus
781 1540 855 1584 est,
886 1534 958 1574 sed
987 1534 1066 1575 hoe
1095 1534 1250 1587 agimus
1279 1539 1324 1573 ut
1353 1546 1483 1585 pauca
1512 1548 1612 1585 quae
1638 1533 1695 1573 M.
1713 1532 1881 1586 Hauptii
1905 1532 2078 1574 Horatio
2108 1550 2227 1589 quar-

280 1608 364 1642 tum
403 1602 510 1643 edito
547 1618 581 1643 a.
608 1614 895 1644 MDCCCLxxxx
932 1609 1094 1656 praeter
1127 1602 1297 1655 Hauptii
1334 1607 1507 1641 mentem
1544 1601 1739 1641 adornata
1776 1608 1870 1642 sunt
1904 1605 2224 1656 argumentando

280 1671 528 1712 stabiliamus
564 1678 632 1712 aut
667 1687 689 1712 a
723 1674 886 1712 erimine
920 1673 1158 1712 temeritatis
1188 1672 1413 1712 liberemus.
1471 1672 1692 1724 Incipimus
1723 1678 1855 1711 autem
1885 1687 1908 1711 a
1937 1688 1979 1712 re
2009 1673 2225 1715 admodum

278 1741 484 1781 levidensi.

465 1823 493 1850 1.
551 1811 599 1851 In
629 1817 806 1852 extremo
838 1813 1012 1853 carmine
1044 1818 1157 1854 sexto
1189 1813 1280 1853 libri
1310 1812 1426 1866 primi
1455 1811 1651 1852 Horatius
1681 1810 1779 1850 haec
1810 1811 1865 1851 ait
1895 1810 1943 1851 de
1973 1825 2014 1851 se

847 1897 921 1923 nos
952 1883 1149 1934 convivia,
1178 1897 1251 1923 nos
1280 1883 1435 1936 proelia
1462 1881 1666 1936 virginum

848 1953 968 1993 sectis
998 1954 1039 1992 in
1068 1953 1234 1994 iuvenes
1262 1952 1467 2007 unguibus
1498 1950 1646 1990 acrium

845 2029 1068 2073 cantamus,
1097 2024 1215 2064 vacui
1244 2024 1328 2063 sive
1357 2021 1456 2074 quid
1485 2021 1651 2070 urimur,

736 2094 787 2132 20
845 2107 926 2132 non
954 2098 1115 2145 praeter
1145 2093 1308 2133 solitum
1338 2092 1459 2132 leves.

278 2158 391 2211 Quae
422 2160 543 2214 vulgo
579 2162 638 2202 sic
670 2162 996 2215 interpretantur,
1032 2161 1245 2202 Horatium
1276 2162 1452 2201 levitatis
1482 2160 1644 2199 notione
1676 2159 1728 2199 ad
1757 2166 1968 2212 utramque
1999 2176 2118 2214 quam
2146 2178 2219 2216 po-

272 2235 342 2268 nat
380 2230 656 2270 condicionem
690 2233 816 2272 relata
852 2232 935 2271 sive
966 2245 1118 2271 vacuus
1153 2233 1206 2271 sit
1236 2246 1370 2271 amore
1401 2232 1484 2271 sive
1515 2229 1613 2281 quid
1642 2235 1779 2269 uratur
1808 2237 2003 2271 consueto
2033 2247 2144 2274 more
2176 2249 2219 2275 se

271 2299 399 2339 levem
431 2314 517 2341 esse
549 2301 691 2342 dicere.
742 2302 791 2342 In
822 2316 901 2354 qua
929 2316 971 2342 re
1002 2301 1111 2354 quod
1140 2303 1217 2342 sive
1245 2300 1441 2355 particula
1470 2299 1594 2341 semel
1623 2299 1758 2352 posita
1788 2305 1848 2340 est
1878 2314 1997 2353 quam
2027 2301 2091 2343 bis
2121 2305 2219 2357 poni

272 2369 471 2410 sententia
504 2370 688 2423 iubebat,
723 2377 862 2412 notum
898 2378 958 2412 est
991 2377 1133 2425 poetas
1169 2372 1225 2411 ita
1260 2371 1407 2421 solere,
1443 2370 1553 2409 velut
1584 2368 1767 2408 Catullus
1798 2373 1893 2421 e.4,
1918 2372 1965 2410 19
2002 2373 2111 2413 laeva
2140 2377 2217 2415 sive

270 2440 425 2478 dextera
460 2448 612 2479 vocaret
637 2455 759 2491 aura,
796 2442 991 2482 Horatius
1022 2440 1068 2480 C.
1095 2444 1130 2491 1,
1153 2442 1197 2490 3,
1221 2443 1270 2479 16
1302 2442 1430 2480 tollere
1459 2454 1524 2479 seu
1552 2453 1696 2491 ponere
1728 2440 1802 2478 volt
1824 2439 1954 2491 fleta,
1993 2442 2072 2481 alii.
2132 2443 2216 2485 Sed

271 2509 489 2558 sententia,
519 2523 620 2560 quae
650 2510 729 2549 hoc
760 2511 987 2562 explicandi
1016 2510 1136 2549 modo
1167 2510 1313 2559 oritur,
1348 2524 1429 2548 non
1460 2509 1569 2547 omni
1599 2522 1646 2546 ex
1676 2514 1789 2559 parte
1819 2509 1968 2561 placet:
2006 2513 2080 2551 etsi
2111 2514 2216 2553 enim

267 2578 354 2617 leve
389 2591 515 2630 genus
551 2579 769 2619 carminum
806 2585 869 2619 est
902 2579 1012 2631 quod
1042 2594 1065 2619 a
1095 2593 1138 2619 se
1168 2579 1246 2619 coli
1276 2577 1374 2617 dicit
1402 2577 1616 2626 Horatius,
1652 2591 1733 2616 non
1764 2578 1861 2618 satis
1892 2592 2037 2620 causae
2067 2581 2214 2623 intelli-

267 2647 387 2699 gitur,
425 2660 497 2686 cur
533 2647 736 2688 levitatem
772 2649 891 2688 etiam
927 2649 978 2688 ad
1013 2649 1186 2688 animum
1222 2661 1355 2687 amore
1384 2660 1557 2685 vacuum
1586 2647 1785 2698 pertinere
1815 2648 1913 2687 velit
1940 2654 2009 2687 aut
2039 2650 2140 2690 adeo
2171 2666 2214 2692 se

266 2716 441 2756 levitatis
472 2722 653 2768 accuset,
688 2724 734 2758 ut
764 2733 852 2759 eam
881 2732 1100 2770 numquam
1130 2732 1153 2758 a
1182 2731 1245 2767 se,
1281 2717 1365 2757 sive
1395 2715 1493 2769 quid
1522 2721 1627 2755 amet
1657 2716 1741 2756 sive
1771 2716 1888 2768 nihil,
1923 2717 2092 2760 alienam
2123 2735 2213 2762 esse

265 2787 449 2826 fateatur.
507 2786 627 2826 Patet
662 2792 797 2828 autem
832 2789 958 2828 altera
993 2786 1287 2841 interpretandi
1316 2787 1399 2836 via,
1436 2800 1515 2838 qua
1550 2799 1712 2825 sensum
1747 2785 2017 2827 decentiorem
2052 2792 2213 2843 assequi

265 2854 458 2896 videmur.
512 2854 627 2895 Dicit
657 2856 761 2896 enim
790 2856 986 2897 Horatius
1015 2855 1104 2897 ‘nos
1135 2856 1341 2906 convivia,
1370 2869 1445 2895 nos
1474 2855 1627 2907 proelia
1655 2855 1855 2908 virginum
1885 2862 2114 2908 cantamus,
2144 2875 2212 2899 va-

265 2926 347 2978 cui,
383 2925 447 2965 vel
482 2925 515 2965 si
551 2925 647 2977 quid
681 2930 818 2967 tamen
847 2927 1011 2978 urimur,
1045 2941 1126 2967 non
1155 2925 1344 2968 insolenti
1373 2925 1493 2967 modo
1523 2924 1656 2967 leves.'
1710 2925 1774 2965 Ita
1804 2940 1894 2967 eum
1923 2927 2024 2969 haec
2053 2936 2211 2974 tantum

1902 2997 1956 3043 1.
