<?xml version="1.0" encoding="UTF-8"?>
<!DOCTYPE html PUBLIC "-//W3C//DTD XHTML 1.0 Transitional//EN"
    "http://www.w3.org/TR/xhtml1/DTD/xhtml1-transitional.dtd">
<html xmlns="http://www.w3.org/1999/xhtml" xml:lang="en" lang="en">
 <head>
  <title>
</title>
<meta http-equiv="Content-Type" content="text/html;charset=utf-8" />
  <meta name='ocr-system' content='tesseract 3.04.00' />
  <meta name='ocr-capabilities' content='ocr_page ocr_carea ocr_par ocr_line ocrx_word'/>
</head>
<body>
  <div class='ocr_page' id='page_1' title='image "4769554_0018.png"; bbox 0 0 2525 3497; ppageno 0'>
   <div class='ocr_carea' id='block_1_1' title="bbox 1219 189 1276 234">
    <p class='ocr_par' dir='ltr' id='par_1_1' title="bbox 1219 189 1276 234">
     <span class='ocr_line' id='line_1_1' title="bbox 1219 189 1276 234; baseline 0.018 -1"><span class='ocrx_word' id='word_1_1' title='bbox 1219 189 1276 234; x_wconf 80' lang='lat'>12</span> 
     </span>
    </p>
   </div>
   <div class='ocr_carea' id='block_1_2' title="bbox 267 314 2243 3077">
    <p class='ocr_par' dir='ltr' id='par_1_2' title="bbox 267 314 2243 3077">
     <span class='ocr_line' id='line_1_2' title="bbox 485 314 1776 369; baseline -0.002 -12"><span class='ocrx_word' id='word_1_2' title='bbox 485 318 564 357; x_wconf 90' lang='grc'>165</span> <span class='ocrx_word' id='word_1_3' title='bbox 621 316 690 357; x_wconf 85' lang='lat' dir='ltr'>hic</span> <span class='ocrx_word' id='word_1_4' title='bbox 717 329 886 369; x_wconf 88' lang='lat' dir='ltr'>porcum</span> <span class='ocrx_word' id='word_1_5' title='bbox 916 315 1087 356; x_wconf 83' lang='lat' dir='ltr'>laribus:</span> <span class='ocrx_word' id='word_1_6' title='bbox 1117 329 1258 356; x_wconf 82' lang='lat' dir='ltr'>verum</span> <span class='ocrx_word' id='word_1_7' title='bbox 1287 314 1526 357; x_wconf 87' lang='lat' dir='ltr'>ambitiosus</span> <span class='ocrx_word' id='word_1_8' title='bbox 1556 320 1597 356; x_wconf 91' lang='lat' dir='ltr'>et</span> <span class='ocrx_word' id='word_1_9' title='bbox 1625 314 1776 355; x_wconf 84' lang='lat' dir='ltr'>audax:</span> 
     </span>
     <span class='ocr_line' id='line_1_3' title="bbox 622 386 1069 440; baseline -0.002 -14"><span class='ocrx_word' id='word_1_10' title='bbox 622 386 788 439; x_wconf 82' lang='lat' dir='ltr'>naviget</span> <span class='ocrx_word' id='word_1_11' title='bbox 817 386 1069 440; x_wconf 81' lang='lat' dir='ltr'><strong>Anticyram.</strong></span> 
     </span>
     <span class='ocr_line' id='line_1_4' title="bbox 271 454 2239 508; baseline 0 -11"><span class='ocrx_word' id='word_1_12' title='bbox 271 455 389 508; x_wconf 81' lang='lat' dir='ltr'>Quae</span> <span class='ocrx_word' id='word_1_13' title='bbox 423 456 520 497; x_wconf 92' lang='lat' dir='ltr'>dum</span> <span class='ocrx_word' id='word_1_14' title='bbox 555 456 789 508; x_wconf 87' lang='lat' dir='ltr'>singillatim</span> <span class='ocrx_word' id='word_1_15' title='bbox 824 455 1119 508; x_wconf 83' lang='lat' dir='ltr'>persequimur,</span> <span class='ocrx_word' id='word_1_16' title='bbox 1155 469 1338 496; x_wconf 87' lang='lat' dir='ltr'>mancam</span> <span class='ocrx_word' id='word_1_17' title='bbox 1369 469 1457 496; x_wconf 90' lang='lat' dir='ltr'>esse</span> <span class='ocrx_word' id='word_1_18' title='bbox 1487 455 1623 507; x_wconf 86' lang='lat' dir='ltr'>aliqua</span> <span class='ocrx_word' id='word_1_19' title='bbox 1651 460 1766 508; x_wconf 89' lang='lat' dir='ltr'>parte</span> <span class='ocrx_word' id='word_1_20' title='bbox 1797 454 2115 508; x_wconf 87' lang='lat' dir='ltr'>disputationem</span> <span class='ocrx_word' id='word_1_21' title='bbox 2146 470 2239 497; x_wconf 89' lang='lat' dir='ltr'>sen-</span> 
     </span>
     <span class='ocr_line' id='line_1_5' title="bbox 267 524 2237 579; baseline -0.001 -14"><span class='ocrx_word' id='word_1_22' title='bbox 267 526 405 565; x_wconf 90' lang='lat' dir='ltr'>timus.</span> <span class='ocrx_word' id='word_1_23' title='bbox 462 524 646 578; x_wconf 86' lang='lat' dir='ltr'>Negavit</span> <span class='ocrx_word' id='word_1_24' title='bbox 676 524 829 564; x_wconf 89' lang='lat' dir='ltr'>stoicus</span> <span class='ocrx_word' id='word_1_25' title='bbox 861 537 952 563; x_wconf 92' lang='lat' dir='ltr'>eum</span> <span class='ocrx_word' id='word_1_26' title='bbox 982 524 1052 576; x_wconf 93' lang='lat' dir='ltr'>qui</span> <span class='ocrx_word' id='word_1_27' title='bbox 1082 538 1163 564; x_wconf 88' lang='lat' dir='ltr'>non</span> <span class='ocrx_word' id='word_1_28' title='bbox 1193 530 1302 565; x_wconf 91' lang='lat' dir='ltr'>esset</span> <span class='ocrx_word' id='word_1_29' title='bbox 1332 537 1476 564; x_wconf 87' lang='lat' dir='ltr'>avarus</span> <span class='ocrx_word' id='word_1_30' title='bbox 1506 537 1648 563; x_wconf 85' lang='lat' dir='ltr'>sanum</span> <span class='ocrx_word' id='word_1_31' title='bbox 1679 536 1766 563; x_wconf 89' lang='lat' dir='ltr'>esse</span> <span class='ocrx_word' id='word_1_32' title='bbox 1798 524 1938 577; x_wconf 89' lang='lat'>(160);</span> <span class='ocrx_word' id='word_1_33' title='bbox 1968 524 2237 579; x_wconf 84' lang='lat' dir='ltr'>interroganti</span> 
     </span>
     <span class='ocr_line' id='line_1_6' title="bbox 270 592 2238 647; baseline -0.001 -13"><span class='ocrx_word' id='word_1_34' title='bbox 270 607 433 634; x_wconf 89' lang='lat' dir='ltr'>causam</span> <span class='ocrx_word' id='word_1_35' title='bbox 463 593 683 646; x_wconf 74' lang='lat' dir='ltr'>respondet</span> <span class='ocrx_word' id='word_1_36' title='bbox 712 607 786 647; x_wconf 91' lang='lat' dir='ltr'>per</span> <span class='ocrx_word' id='word_1_37' title='bbox 816 594 1046 646; x_wconf 88' lang='lat' dir='ltr'>exemplum</span> <span class='ocrx_word' id='word_1_38' title='bbox 1076 608 1099 633; x_wconf 84' lang='lat' dir='ltr'>a</span> <span class='ocrx_word' id='word_1_39' title='bbox 1128 593 1287 633; x_wconf 89' lang='lat' dir='ltr'>medico</span> <span class='ocrx_word' id='word_1_40' title='bbox 1324 598 1365 632; x_wconf 91' lang='lat' dir='ltr'>et</span> <span class='ocrx_word' id='word_1_41' title='bbox 1384 593 1536 633; x_wconf 83' lang='lat' dir='ltr'>morbis</span> <span class='ocrx_word' id='word_1_42' title='bbox 1557 592 1739 645; x_wconf 93' lang='lat' dir='ltr'>corporis</span> <span class='ocrx_word' id='word_1_43' title='bbox 1760 593 1995 645; x_wconf 90' lang='lat' dir='ltr'>repetitum:</span> <span class='ocrx_word' id='word_1_44' title='bbox 2029 593 2094 633; x_wconf 90' lang='lat' dir='ltr'>hic</span> <span class='ocrx_word' id='word_1_45' title='bbox 2114 607 2238 647; x_wconf 86' lang='lat' dir='ltr'>aeger</span> 
     </span>
     <span class='ocr_line' id='line_1_7' title="bbox 270 661 2240 716; baseline 0 -13"><span class='ocrx_word' id='word_1_46' title='bbox 270 678 352 703; x_wconf 92' lang='lat' dir='ltr'>non</span> <span class='ocrx_word' id='word_1_47' title='bbox 392 669 454 703; x_wconf 84' lang='lat' dir='ltr'>est</span> <span class='ocrx_word' id='word_1_48' title='bbox 490 662 721 702; x_wconf 84' lang='lat' dir='ltr'>cardiacus:</span> <span class='ocrx_word' id='word_1_49' title='bbox 761 668 875 703; x_wconf 89' lang='lat' dir='ltr'>estne</span> <span class='ocrx_word' id='word_1_50' title='bbox 915 663 1040 716; x_wconf 90' lang='lat' dir='ltr'>igitur</span> <span class='ocrx_word' id='word_1_51' title='bbox 1076 662 1227 703; x_wconf 86' lang='lat' dir='ltr'>sanus?</span> <span class='ocrx_word' id='word_1_52' title='bbox 1263 663 1429 715; x_wconf 80' lang='lat' dir='ltr'>negabit</span> <span class='ocrx_word' id='word_1_53' title='bbox 1464 662 1655 702; x_wconf 86' lang='lat' dir='ltr'>medicus.</span> <span class='ocrx_word' id='word_1_54' title='bbox 1716 661 1800 702; x_wconf 87' lang='lat' dir='ltr'>Sed</span> <span class='ocrx_word' id='word_1_55' title='bbox 1835 662 1935 713; x_wconf 90' lang='lat' dir='ltr'>iam,</span> <span class='ocrx_word' id='word_1_56' title='bbox 1973 677 2024 703; x_wconf 90' lang='lat' dir='ltr'>ne</span> <span class='ocrx_word' id='word_1_57' title='bbox 2059 669 2240 703; x_wconf 88' lang='lat' dir='ltr'>recurrat</span> 
     </span>
     <span class='ocr_line' id='line_1_8' title="bbox 270 730 2238 786; baseline 0.001 -14"><span class='ocrx_word' id='word_1_58' title='bbox 270 732 370 773; x_wconf 90' lang='lat' dir='ltr'>illud</span> <span class='ocrx_word' id='word_1_59' title='bbox 398 730 496 782; x_wconf 76' lang='lat' dir='ltr'>‘cur,</span> <span class='ocrx_word' id='word_1_60' title='bbox 527 731 694 772; x_wconf 83' lang='lat' dir='ltr'>stoice?&#39;</span> <span class='ocrx_word' id='word_1_61' title='bbox 724 737 765 772; x_wconf 89' lang='lat' dir='ltr'>et</span> <span class='ocrx_word' id='word_1_62' title='bbox 795 733 1024 784; x_wconf 87' lang='lat' dir='ltr'>exemplum</span> <span class='ocrx_word' id='word_1_63' title='bbox 1054 732 1196 772; x_wconf 79' lang='lat' dir='ltr'>inutile</span> <span class='ocrx_word' id='word_1_64' title='bbox 1225 733 1348 772; x_wconf 86' lang='lat' dir='ltr'>fuisse</span> <span class='ocrx_word' id='word_1_65' title='bbox 1379 737 1585 785; x_wconf 84' lang='lat' dir='ltr'>appareat,</span> <span class='ocrx_word' id='word_1_66' title='bbox 1613 731 1812 772; x_wconf 88' lang='lat' dir='ltr'>rationem</span> <span class='ocrx_word' id='word_1_67' title='bbox 1838 731 1933 772; x_wconf 90' lang='lat' dir='ltr'>addi</span> <span class='ocrx_word' id='word_1_68' title='bbox 1956 738 2238 786; x_wconf 85' lang='lat' dir='ltr'>exspectamus</span> 
     </span>
     <span class='ocr_line' id='line_1_9' title="bbox 271 799 2240 856; baseline 0 -13"><span class='ocrx_word' id='word_1_69' title='bbox 271 818 345 843; x_wconf 92' lang='lat' dir='ltr'>cur</span> <span class='ocrx_word' id='word_1_70' title='bbox 374 807 513 855; x_wconf 89' lang='lat' dir='ltr'>neget:</span> <span class='ocrx_word' id='word_1_71' title='bbox 543 799 650 855; x_wconf 88' lang='lat' dir='ltr'>‘quia</span> <span class='ocrx_word' id='word_1_72' title='bbox 681 802 760 842; x_wconf 90' lang='lat' dir='ltr'>alio</span> <span class='ocrx_word' id='word_1_73' title='bbox 790 816 871 855; x_wconf 91' lang='lat' dir='ltr'>quo</span> <span class='ocrx_word' id='word_1_74' title='bbox 902 802 1043 843; x_wconf 90' lang='lat' dir='ltr'>morbo</span> <span class='ocrx_word' id='word_1_75' title='bbox 1074 800 1257 842; x_wconf 88' lang='lat' dir='ltr'>laborat.&#39;</span> <span class='ocrx_word' id='word_1_76' title='bbox 1311 801 1418 842; x_wconf 86' lang='lat' dir='ltr'>Nam</span> <span class='ocrx_word' id='word_1_77' title='bbox 1449 801 1527 842; x_wconf 88' lang='lat' dir='ltr'>hoc</span> <span class='ocrx_word' id='word_1_78' title='bbox 1557 801 1735 842; x_wconf 88' lang='lat' dir='ltr'>voluisse</span> <span class='ocrx_word' id='word_1_79' title='bbox 1764 806 1927 855; x_wconf 87' lang='lat' dir='ltr'>poetam</span> <span class='ocrx_word' id='word_1_80' title='bbox 1955 816 2020 843; x_wconf 88' lang='lat' dir='ltr'>res</span> <span class='ocrx_word' id='word_1_81' title='bbox 2049 802 2139 856; x_wconf 86' lang='lat' dir='ltr'>ipsa</span> <span class='ocrx_word' id='word_1_82' title='bbox 2168 801 2240 843; x_wconf 89' lang='lat' dir='ltr'>de-</span> 
     </span>
     <span class='ocr_line' id='line_1_10' title="bbox 274 864 2239 924; baseline -0.001 -12"><span class='ocrx_word' id='word_1_83' title='bbox 274 872 403 912; x_wconf 88' lang='lat' dir='ltr'>clarat</span> <span class='ocrx_word' id='word_1_84' title='bbox 435 871 643 923; x_wconf 89' lang='lat' dir='ltr'>utiturque</span> <span class='ocrx_word' id='word_1_85' title='bbox 678 875 886 923; x_wconf 86' lang='lat' dir='ltr'>tamquam</span> <span class='ocrx_word' id='word_1_86' title='bbox 922 864 1200 911; x_wconf 80' lang='lat' dir='ltr'>dem&#39;onstrato</span> <span class='ocrx_word' id='word_1_87' title='bbox 1230 871 1272 910; x_wconf 93' lang='lat' dir='ltr'>in</span> <span class='ocrx_word' id='word_1_88' title='bbox 1301 870 1496 924; x_wconf 82' lang='lat' dir='ltr'>proximis</span> <span class='ocrx_word' id='word_1_89' title='bbox 1526 871 1645 923; x_wconf 87' lang='grc'>(164)</span> <span class='ocrx_word' id='word_1_90' title='bbox 1679 867 1769 910; x_wconf 90' lang='lat' dir='ltr'>‘non</span> <span class='ocrx_word' id='word_1_91' title='bbox 1799 875 1862 910; x_wconf 85' lang='lat' dir='ltr'>est</span> <span class='ocrx_word' id='word_1_92' title='bbox 1889 871 2077 923; x_wconf 91' lang='lat' dir='ltr'>periurus</span> <span class='ocrx_word' id='word_1_93' title='bbox 2106 885 2239 923; x_wconf 88' lang='lat' dir='ltr'>neque</span> 
     </span>
     <span class='ocr_line' id='line_1_11' title="bbox 273 934 2238 993; baseline 0 -13"><span class='ocrx_word' id='word_1_94' title='bbox 273 940 483 981; x_wconf 89' lang='lat' dir='ltr'>sordidus:</span> <span class='ocrx_word' id='word_1_95' title='bbox 522 940 703 980; x_wconf 83' lang='lat' dir='ltr'>immolet</span> <span class='ocrx_word' id='word_1_96' title='bbox 741 940 880 992; x_wconf 86' lang='lat' dir='ltr'>aequis</span> <span class='ocrx_word' id='word_1_97' title='bbox 917 940 983 979; x_wconf 87' lang='lat' dir='ltr'>hic</span> <span class='ocrx_word' id='word_1_98' title='bbox 1021 934 1189 993; x_wconf 79' lang='lat' dir='ltr'>porcum</span> <span class='ocrx_word' id='word_1_99' title='bbox 1229 940 1398 979; x_wconf 85' lang='lat' dir='ltr'>laribus:</span> <span class='ocrx_word' id='word_1_100' title='bbox 1439 954 1578 979; x_wconf 86' lang='lat' dir='ltr'>verum</span> <span class='ocrx_word' id='word_1_101' title='bbox 1614 938 1877 979; x_wconf 65' lang='lat' dir='ltr'>ambitiosus!</span> <span class='ocrx_word' id='word_1_102' title='bbox 1934 939 1980 980; x_wconf 90' lang='lat' dir='ltr'>Si</span> <span class='ocrx_word' id='word_1_103' title='bbox 2013 954 2109 980; x_wconf 87' lang='lat' dir='ltr'>vero</span> <span class='ocrx_word' id='word_1_104' title='bbox 2147 940 2238 991; x_wconf 92' lang='lat' dir='ltr'>hoc,</span> 
     </span>
     <span class='ocr_line' id='line_1_12' title="bbox 275 1009 2238 1064; baseline 0 -14"><span class='ocrx_word' id='word_1_105' title='bbox 275 1011 386 1063; x_wconf 88' lang='lat' dir='ltr'>quod</span> <span class='ocrx_word' id='word_1_106' title='bbox 423 1010 643 1049; x_wconf 89' lang='lat' dir='ltr'>desiderari</span> <span class='ocrx_word' id='word_1_107' title='bbox 679 1010 849 1049; x_wconf 88' lang='lat' dir='ltr'>dicimus</span> <span class='ocrx_word' id='word_1_108' title='bbox 887 1015 926 1048; x_wconf 90' lang='lat' dir='ltr'>et</span> <span class='ocrx_word' id='word_1_109' title='bbox 963 1009 1073 1060; x_wconf 85' lang='lat' dir='ltr'>quod</span> <span class='ocrx_word' id='word_1_110' title='bbox 1104 1024 1305 1049; x_wconf 89' lang='lat' dir='ltr'>summum</span> <span class='ocrx_word' id='word_1_111' title='bbox 1337 1015 1398 1048; x_wconf 88' lang='lat' dir='ltr'>est</span> <span class='ocrx_word' id='word_1_112' title='bbox 1430 1011 1471 1048; x_wconf 95' lang='lat' dir='ltr'>in</span> <span class='ocrx_word' id='word_1_113' title='bbox 1501 1009 1577 1048; x_wconf 90' lang='lat' dir='ltr'>hac</span> <span class='ocrx_word' id='word_1_114' title='bbox 1606 1009 1929 1059; x_wconf 84' lang='lat' dir='ltr'>ratiocinatione,</span> <span class='ocrx_word' id='word_1_115' title='bbox 1966 1010 2072 1049; x_wconf 89' lang='lat' dir='ltr'>ultro</span> <span class='ocrx_word' id='word_1_116' title='bbox 2101 1011 2238 1064; x_wconf 89' lang='lat' dir='ltr'>legen-</span> 
     </span>
     <span class='ocr_line' id='line_1_13' title="bbox 272 1077 2238 1133; baseline 0.001 -14"><span class='ocrx_word' id='word_1_117' title='bbox 272 1086 352 1119; x_wconf 87' lang='lat' dir='ltr'>tem</span> <span class='ocrx_word' id='word_1_118' title='bbox 385 1079 533 1118; x_wconf 88' lang='lat' dir='ltr'>addere</span> <span class='ocrx_word' id='word_1_119' title='bbox 564 1078 746 1130; x_wconf 85' lang='lat' dir='ltr'>potuisse</span> <span class='ocrx_word' id='word_1_120' title='bbox 777 1078 964 1127; x_wconf 84' lang='lat' dir='ltr'>obiicias,</span> <span class='ocrx_word' id='word_1_121' title='bbox 995 1078 1112 1118; x_wconf 87' lang='lat' dir='ltr'>simul</span> <span class='ocrx_word' id='word_1_122' title='bbox 1142 1078 1294 1117; x_wconf 87' lang='lat' dir='ltr'>fateare</span> <span class='ocrx_word' id='word_1_123' title='bbox 1325 1091 1490 1118; x_wconf 90' lang='lat' dir='ltr'>necesse</span> <span class='ocrx_word' id='word_1_124' title='bbox 1523 1082 1602 1127; x_wconf 88' lang='lat' dir='ltr'>est,</span> <span class='ocrx_word' id='word_1_125' title='bbox 1632 1092 1755 1118; x_wconf 84' lang='lat' dir='ltr'>vanas</span> <span class='ocrx_word' id='word_1_126' title='bbox 1785 1077 1910 1119; x_wconf 84' lang='lat' dir='ltr'>fuisse</span> <span class='ocrx_word' id='word_1_127' title='bbox 1941 1078 2014 1119; x_wconf 89' lang='lat' dir='ltr'>has</span> <span class='ocrx_word' id='word_1_128' title='bbox 2045 1079 2238 1133; x_wconf 86' lang='lat' dir='ltr'>ambages</span> 
     </span>
     <span class='ocr_line' id='line_1_14' title="bbox 273 1146 2243 1201; baseline 0 -14"><span class='ocrx_word' id='word_1_129' title='bbox 273 1149 419 1201; x_wconf 89' lang='lat' dir='ltr'>quibus</span> <span class='ocrx_word' id='word_1_130' title='bbox 448 1147 648 1186; x_wconf 85' lang='lat' dir='ltr'>Horatius</span> <span class='ocrx_word' id='word_1_131' title='bbox 685 1147 907 1199; x_wconf 88' lang='lat' dir='ltr'>simplicem</span> <span class='ocrx_word' id='word_1_132' title='bbox 946 1147 1187 1185; x_wconf 89' lang='lat' dir='ltr'>sententiam</span> <span class='ocrx_word' id='word_1_133' title='bbox 1227 1147 1387 1185; x_wconf 87' lang='lat' dir='ltr'>ornavit</span> <span class='ocrx_word' id='word_1_134' title='bbox 1422 1146 1479 1185; x_wconf 90' lang='lat' dir='ltr'>ita</span> <span class='ocrx_word' id='word_1_135' title='bbox 1515 1152 1561 1185; x_wconf 88' lang='lat' dir='ltr'>ut</span> <span class='ocrx_word' id='word_1_136' title='bbox 1599 1160 1647 1185; x_wconf 90' lang='lat' dir='ltr'>ex</span> <span class='ocrx_word' id='word_1_137' title='bbox 1685 1146 2036 1186; x_wconf 87' lang='lat' dir='ltr'>sermocinantium</span> <span class='ocrx_word' id='word_1_138' title='bbox 2072 1148 2159 1186; x_wconf 82' lang='lat' dir='ltr'>vice</span> <span class='ocrx_word' id='word_1_139' title='bbox 2197 1153 2243 1197; x_wconf 86' lang='lat' dir='ltr'>et</span> 
     </span>
     <span class='ocr_line' id='line_1_15' title="bbox 271 1214 2241 1269; baseline -0.001 -12"><span class='ocrx_word' id='word_1_140' title='bbox 271 1217 466 1269; x_wconf 90' lang='lat' dir='ltr'>exemplis</span> <span class='ocrx_word' id='word_1_141' title='bbox 498 1215 652 1267; x_wconf 86' lang='lat' dir='ltr'>aliquid</span> <span class='ocrx_word' id='word_1_142' title='bbox 682 1215 834 1268; x_wconf 88' lang='lat' dir='ltr'>leporis</span> <span class='ocrx_word' id='word_1_143' title='bbox 867 1221 1077 1267; x_wconf 89' lang='lat' dir='ltr'>quaereret</span> <span class='ocrx_word' id='word_1_144' title='bbox 1107 1230 1152 1255; x_wconf 85' lang='lat' dir='ltr'>ac</span> <span class='ocrx_word' id='word_1_145' title='bbox 1182 1216 1419 1255; x_wconf 87' lang='lat' dir='ltr'>venustatis.</span> <span class='ocrx_word' id='word_1_146' title='bbox 1477 1214 1683 1266; x_wconf 82' lang='lat' dir='ltr'>Quorsum</span> <span class='ocrx_word' id='word_1_147' title='bbox 1714 1215 1818 1255; x_wconf 90' lang='lat' dir='ltr'>enim</span> <span class='ocrx_word' id='word_1_148' title='bbox 1848 1216 1940 1266; x_wconf 85' lang='lat' dir='ltr'>ista,</span> <span class='ocrx_word' id='word_1_149' title='bbox 1970 1216 2004 1256; x_wconf 87' lang='lat' dir='ltr'>si</span> <span class='ocrx_word' id='word_1_150' title='bbox 2033 1221 2169 1256; x_wconf 87' lang='lat' dir='ltr'>tamen</span> <span class='ocrx_word' id='word_1_151' title='bbox 2198 1217 2241 1257; x_wconf 88' lang='lat' dir='ltr'>id</span> 
     </span>
     <span class='ocr_line' id='line_1_16' title="bbox 271 1283 2241 1338; baseline 0 -12"><span class='ocrx_word' id='word_1_152' title='bbox 271 1286 382 1338; x_wconf 90' lang='lat' dir='ltr'>quod</span> <span class='ocrx_word' id='word_1_153' title='bbox 417 1290 541 1338; x_wconf 89' lang='lat' dir='ltr'>caput</span> <span class='ocrx_word' id='word_1_154' title='bbox 574 1285 632 1324; x_wconf 92' lang='lat' dir='ltr'>rei</span> <span class='ocrx_word' id='word_1_155' title='bbox 670 1291 756 1325; x_wconf 87' lang='lat' dir='ltr'>erat</span> <span class='ocrx_word' id='word_1_156' title='bbox 791 1285 964 1338; x_wconf 89' lang='lat' dir='ltr'>legentis</span> <span class='ocrx_word' id='word_1_157' title='bbox 999 1285 1239 1337; x_wconf 84' lang='lat' dir='ltr'>cogitationi</span> <span class='ocrx_word' id='word_1_158' title='bbox 1269 1283 1536 1336; x_wconf 85' lang='lat' dir='ltr'>relinquitur?</span> <span class='ocrx_word' id='word_1_159' title='bbox 1593 1284 1694 1324; x_wconf 90' lang='lat' dir='ltr'>Tam</span> <span class='ocrx_word' id='word_1_160' title='bbox 1723 1284 1995 1325; x_wconf 89' lang='lat' dir='ltr'>inconsultum</span> <span class='ocrx_word' id='word_1_161' title='bbox 2026 1285 2241 1327; x_wconf 88' lang='lat' dir='ltr'>consilium</span> 
     </span>
     <span class='ocr_line' id='line_1_17' title="bbox 271 1353 2241 1409; baseline 0.001 -14"><span class='ocrx_word' id='word_1_162' title='bbox 271 1354 462 1409; x_wconf 85' lang='lat' dir='ltr'>quoniam</span> <span class='ocrx_word' id='word_1_163' title='bbox 499 1353 691 1394; x_wconf 89' lang='lat' dir='ltr'>credibile</span> <span class='ocrx_word' id='word_1_164' title='bbox 729 1368 811 1394; x_wconf 92' lang='lat' dir='ltr'>non</span> <span class='ocrx_word' id='word_1_165' title='bbox 853 1360 915 1395; x_wconf 87' lang='lat' dir='ltr'>est</span> <span class='ocrx_word' id='word_1_166' title='bbox 950 1354 1086 1394; x_wconf 88' lang='lat' dir='ltr'>iniisse</span> <span class='ocrx_word' id='word_1_167' title='bbox 1126 1359 1287 1407; x_wconf 90' lang='lat' dir='ltr'>poetam</span> <span class='ocrx_word' id='word_1_168' title='bbox 1325 1354 1393 1406; x_wconf 92' lang='lat' dir='ltr'>qui</span> <span class='ocrx_word' id='word_1_169' title='bbox 1428 1353 1483 1393; x_wconf 89' lang='lat' dir='ltr'>nil</span> <span class='ocrx_word' id='word_1_170' title='bbox 1520 1353 1684 1394; x_wconf 89' lang='lat' dir='ltr'>molitur</span> <span class='ocrx_word' id='word_1_171' title='bbox 1717 1354 1872 1407; x_wconf 89' lang='lat' dir='ltr'>inepte,</span> <span class='ocrx_word' id='word_1_172' title='bbox 1913 1355 2153 1396; x_wconf 90' lang='lat' dir='ltr'>recurrimus</span> <span class='ocrx_word' id='word_1_173' title='bbox 2189 1355 2241 1396; x_wconf 85' lang='lat' dir='ltr'>ad</span> 
     </span>
     <span class='ocr_line' id='line_1_18' title="bbox 270 1424 1820 1476; baseline -0.001 -12"><span class='ocrx_word' id='word_1_174' title='bbox 270 1425 391 1465; x_wconf 90' lang='lat' dir='ltr'>fidem</span> <span class='ocrx_word' id='word_1_175' title='bbox 422 1425 632 1474; x_wconf 84' lang='lat' dir='ltr'>librorum,</span> <span class='ocrx_word' id='word_1_176' title='bbox 662 1425 732 1476; x_wconf 92' lang='lat' dir='ltr'>qui</span> <span class='ocrx_word' id='word_1_177' title='bbox 762 1425 880 1464; x_wconf 89' lang='lat' dir='ltr'>istam</span> <span class='ocrx_word' id='word_1_178' title='bbox 912 1425 1136 1464; x_wconf 88' lang='lat' dir='ltr'>orationem</span> <span class='ocrx_word' id='word_1_179' title='bbox 1166 1438 1247 1463; x_wconf 91' lang='lat' dir='ltr'>uno</span> <span class='ocrx_word' id='word_1_180' title='bbox 1277 1438 1397 1463; x_wconf 86' lang='lat' dir='ltr'>versu</span> <span class='ocrx_word' id='word_1_181' title='bbox 1426 1429 1585 1463; x_wconf 88' lang='lat' dir='ltr'>auctam</span> <span class='ocrx_word' id='word_1_182' title='bbox 1617 1424 1820 1463; x_wconf 85' lang='lat' dir='ltr'>exhibent.</span> 
     </span>
     <span class='ocr_line' id='line_1_19' title="bbox 1185 1491 1845 1545; baseline 0 -12"><span class='ocrx_word' id='word_1_183' title='bbox 1185 1491 1309 1545; x_wconf 83' lang='lat' dir='ltr'>‘quid,</span> <span class='ocrx_word' id='word_1_184' title='bbox 1339 1493 1463 1544; x_wconf 89' lang='lat' dir='ltr'>siquis</span> <span class='ocrx_word' id='word_1_185' title='bbox 1493 1508 1574 1533; x_wconf 92' lang='lat' dir='ltr'>non</span> <span class='ocrx_word' id='word_1_186' title='bbox 1606 1493 1659 1533; x_wconf 89' lang='lat' dir='ltr'>sit</span> <span class='ocrx_word' id='word_1_187' title='bbox 1688 1508 1845 1543; x_wconf 84' lang='lat' dir='ltr'>avarus,</span> 
     </span>
     <span class='ocr_line' id='line_1_20' title="bbox 558 1558 1795 1613; baseline 0.001 -10"><span class='ocrx_word' id='word_1_188' title='bbox 558 1563 638 1603; x_wconf 90' lang='grc'>160</span> <span class='ocrx_word' id='word_1_189' title='bbox 697 1562 888 1603; x_wconf 89' lang='lat' dir='ltr'>continuo</span> <span class='ocrx_word' id='word_1_190' title='bbox 919 1559 1081 1603; x_wconf 82' lang='lat' dir='ltr'>sanus?’</span> <span class='ocrx_word' id='word_1_191' title='bbox 1110 1561 1284 1602; x_wconf 90' lang='lat' dir='ltr'>minime.</span> <span class='ocrx_word' id='word_1_192' title='bbox 1332 1558 1428 1613; x_wconf 87' lang='lat' dir='ltr'>‘cur‚</span> <span class='ocrx_word' id='word_1_193' title='bbox 1458 1559 1624 1603; x_wconf 83' lang='lat' dir='ltr'>stoice?&#39;</span> <span class='ocrx_word' id='word_1_194' title='bbox 1653 1561 1795 1604; x_wconf 86' lang='lat' dir='ltr'>dicam.</span> 
     </span>
     <span class='ocr_line' id='line_1_21' title="bbox 695 1629 1736 1685; baseline 0.002 -15"><span class='ocrx_word' id='word_1_195' title='bbox 695 1629 792 1672; x_wconf 85' lang='lat' dir='ltr'>‘non</span> <span class='ocrx_word' id='word_1_196' title='bbox 824 1637 886 1671; x_wconf 87' lang='lat' dir='ltr'>est</span> <span class='ocrx_word' id='word_1_197' title='bbox 917 1630 1140 1671; x_wconf 85' lang='lat' dir='ltr'>cardiacus’</span> <span class='ocrx_word' id='word_1_198' title='bbox 1170 1630 1382 1670; x_wconf 86' lang='lat' dir='ltr'>Craterum</span> <span class='ocrx_word' id='word_1_199' title='bbox 1413 1630 1563 1671; x_wconf 89' lang='lat' dir='ltr'>dixisse</span> <span class='ocrx_word' id='word_1_200' title='bbox 1592 1636 1736 1685; x_wconf 87' lang='lat' dir='ltr'>putato</span> 
     </span>
     <span class='ocr_line' id='line_1_22' title="bbox 695 1699 1841 1755; baseline 0.002 -15"><span class='ocrx_word' id='word_1_201' title='bbox 695 1699 777 1740; x_wconf 82' lang='lat' dir='ltr'>‘hic</span> <span class='ocrx_word' id='word_1_202' title='bbox 808 1701 953 1754; x_wconf 89' lang='lat' dir='ltr'>aeger.’</span> <span class='ocrx_word' id='word_1_203' title='bbox 999 1707 1109 1739; x_wconf 91' lang='lat' dir='ltr'>recte</span> <span class='ocrx_word' id='word_1_204' title='bbox 1140 1706 1202 1739; x_wconf 88' lang='lat' dir='ltr'>est</span> <span class='ocrx_word' id='word_1_205' title='bbox 1230 1701 1355 1752; x_wconf 88' lang='lat' dir='ltr'>igitur</span> <span class='ocrx_word' id='word_1_206' title='bbox 1385 1702 1633 1752; x_wconf 84' lang='lat' dir='ltr'>surgetque?</span> <span class='ocrx_word' id='word_1_207' title='bbox 1662 1704 1841 1755; x_wconf 86' lang='lat' dir='ltr'>negabit,</span> 
     </span>
     <span class='ocr_line' id='line_1_23' title="bbox 611 1769 1799 1821; baseline 0.002 -11"><span class='ocrx_word' id='word_1_208' title='bbox 611 1795 660 1799; x_wconf 97' lang='lat'><strong>—</strong></span> <span class='ocrx_word' id='word_1_209' title='bbox 695 1770 806 1821; x_wconf 91' lang='lat' dir='ltr'>quod</span> <span class='ocrx_word' id='word_1_210' title='bbox 835 1770 940 1810; x_wconf 88' lang='lat' dir='ltr'>latus</span> <span class='ocrx_word' id='word_1_211' title='bbox 973 1776 1042 1809; x_wconf 89' lang='lat' dir='ltr'>aut</span> <span class='ocrx_word' id='word_1_212' title='bbox 1071 1784 1188 1810; x_wconf 90' lang='lat' dir='ltr'>renes</span> <span class='ocrx_word' id='word_1_213' title='bbox 1218 1769 1360 1809; x_wconf 89' lang='lat' dir='ltr'>morbo</span> <span class='ocrx_word' id='word_1_214' title='bbox 1391 1774 1638 1821; x_wconf 85' lang='lat' dir='ltr'>temptentur</span> <span class='ocrx_word' id='word_1_215' title='bbox 1667 1777 1799 1812; x_wconf 89' lang='lat' dir='ltr'>acuto.</span> 
     </span>
     <span class='ocr_line' id='line_1_24' title="bbox 277 1837 2238 1893; baseline 0.001 -14"><span class='ocrx_word' id='word_1_216' title='bbox 277 1839 393 1891; x_wconf 81' lang='lat' dir='ltr'>Quae</span> <span class='ocrx_word' id='word_1_217' title='bbox 429 1839 637 1892; x_wconf 86' lang='lat' dir='ltr'>praeclara</span> <span class='ocrx_word' id='word_1_218' title='bbox 672 1844 767 1879; x_wconf 90' lang='lat' dir='ltr'>sunt</span> <span class='ocrx_word' id='word_1_219' title='bbox 804 1845 843 1879; x_wconf 93' lang='lat' dir='ltr'>et</span> <span class='ocrx_word' id='word_1_220' title='bbox 878 1838 1094 1878; x_wconf 88' lang='lat' dir='ltr'>Horatium</span> <span class='ocrx_word' id='word_1_221' title='bbox 1131 1838 1194 1878; x_wconf 93' lang='lat' dir='ltr'>vel</span> <span class='ocrx_word' id='word_1_222' title='bbox 1230 1838 1403 1878; x_wconf 88' lang='lat' dir='ltr'>maxime</span> <span class='ocrx_word' id='word_1_223' title='bbox 1440 1837 1596 1878; x_wconf 82' lang='lat' dir='ltr'>decent.</span> <span class='ocrx_word' id='word_1_224' title='bbox 1657 1839 1741 1880; x_wconf 91' lang='lat' dir='ltr'>Sed</span> <span class='ocrx_word' id='word_1_225' title='bbox 1775 1854 1934 1881; x_wconf 85' lang='lat' dir='ltr'>versum</span> <span class='ocrx_word' id='word_1_226' title='bbox 1971 1841 2039 1893; x_wconf 93' lang='lat' dir='ltr'>qui</span> <span class='ocrx_word' id='word_1_227' title='bbox 2074 1841 2238 1882; x_wconf 89' lang='lat' dir='ltr'>mutilae</span> 
     </span>
     <span class='ocr_line' id='line_1_25' title="bbox 274 1907 2238 1960; baseline 0.001 -12"><span class='ocrx_word' id='word_1_228' title='bbox 274 1909 447 1948; x_wconf 89' lang='lat' dir='ltr'>orationi</span> <span class='ocrx_word' id='word_1_229' title='bbox 480 1909 754 1960; x_wconf 86' lang='lat' dir='ltr'>integritatem</span> <span class='ocrx_word' id='word_1_230' title='bbox 792 1908 986 1957; x_wconf 83' lang='lat' dir='ltr'>restituit,</span> <span class='ocrx_word' id='word_1_231' title='bbox 1023 1921 1266 1959; x_wconf 88' lang='lat' dir='ltr'>quamquam</span> <span class='ocrx_word' id='word_1_232' title='bbox 1302 1912 1383 1946; x_wconf 89' lang='lat' dir='ltr'>tam</span> <span class='ocrx_word' id='word_1_233' title='bbox 1418 1907 1583 1947; x_wconf 88' lang='lat' dir='ltr'>firmiter</span> <span class='ocrx_word' id='word_1_234' title='bbox 1617 1908 1657 1947; x_wconf 92' lang='lat' dir='ltr'>in</span> <span class='ocrx_word' id='word_1_235' title='bbox 1690 1910 1886 1950; x_wconf 88' lang='lat' dir='ltr'>sermonis</span> <span class='ocrx_word' id='word_1_236' title='bbox 1916 1915 2055 1950; x_wconf 90' lang='lat' dir='ltr'>tenore</span> <span class='ocrx_word' id='word_1_237' title='bbox 2087 1910 2238 1960; x_wconf 87' lang='lat' dir='ltr'>haeret,</span> 
     </span>
     <span class='ocr_line' id='line_1_26' title="bbox 277 1975 2236 2032; baseline 0.001 -15"><span class='ocrx_word' id='word_1_238' title='bbox 277 1979 344 2018; x_wconf 85' lang='lat' dir='ltr'>vix</span> <span class='ocrx_word' id='word_1_239' title='bbox 382 1983 428 2017; x_wconf 91' lang='lat' dir='ltr'>ut</span> <span class='ocrx_word' id='word_1_240' title='bbox 465 1978 583 2017; x_wconf 83' lang='lat' dir='ltr'>avelli</span> <span class='ocrx_word' id='word_1_241' title='bbox 617 1991 738 2030; x_wconf 88' lang='lat' dir='ltr'>posse</span> <span class='ocrx_word' id='word_1_242' title='bbox 773 1976 973 2027; x_wconf 86' lang='lat' dir='ltr'>videatur,</span> <span class='ocrx_word' id='word_1_243' title='bbox 1012 1983 1145 2016; x_wconf 80' lang='lat' dir='ltr'>tamen</span> <span class='ocrx_word' id='word_1_244' title='bbox 1182 1975 1391 2016; x_wconf 86' lang='lat' dir='ltr'>ferendum</span> <span class='ocrx_word' id='word_1_245' title='bbox 1428 1990 1517 2016; x_wconf 88' lang='lat' dir='ltr'>esse</span> <span class='ocrx_word' id='word_1_246' title='bbox 1552 1983 1722 2031; x_wconf 83' lang='lat' dir='ltr'>negant,</span> <span class='ocrx_word' id='word_1_247' title='bbox 1760 1979 1855 2030; x_wconf 88' lang='lat' dir='ltr'>quia</span> <span class='ocrx_word' id='word_1_248' title='bbox 1888 1978 1994 2019; x_wconf 89' lang='lat' dir='ltr'>idem</span> <span class='ocrx_word' id='word_1_249' title='bbox 2028 1979 2236 2032; x_wconf 91' lang='lat' dir='ltr'>paululum</span> 
     </span>
     <span class='ocr_line' id='line_1_27' title="bbox 273 2046 1099 2102; baseline -0.004 -14"><span class='ocrx_word' id='word_1_250' title='bbox 273 2052 452 2088; x_wconf 82' lang='lat' dir='ltr'>mutatus</span> <span class='ocrx_word' id='word_1_251' title='bbox 483 2047 632 2102; x_wconf 87' lang='lat' dir='ltr'>legitur</span> <span class='ocrx_word' id='word_1_252' title='bbox 661 2047 702 2086; x_wconf 92' lang='lat' dir='ltr'>in</span> <span class='ocrx_word' id='word_1_253' title='bbox 732 2046 905 2100; x_wconf 88' lang='lat' dir='ltr'>epistola</span> <span class='ocrx_word' id='word_1_254' title='bbox 928 2048 965 2097; x_wconf 85' lang='lat'>1,</span> <span class='ocrx_word' id='word_1_255' title='bbox 987 2048 1026 2097; x_wconf 88' lang='lat'>6,</span> <span class='ocrx_word' id='word_1_256' title='bbox 1047 2047 1099 2086; x_wconf 84' lang='lat'>28</span> 
     </span>
     <span class='ocr_line' id='line_1_28' title="bbox 697 2117 1728 2169; baseline 0.002 -14"><span class='ocrx_word' id='word_1_257' title='bbox 697 2117 731 2156; x_wconf 91' lang='lat' dir='ltr'>si</span> <span class='ocrx_word' id='word_1_258' title='bbox 760 2117 866 2156; x_wconf 88' lang='lat' dir='ltr'>latus</span> <span class='ocrx_word' id='word_1_259' title='bbox 897 2123 967 2155; x_wconf 90' lang='lat' dir='ltr'>aut</span> <span class='ocrx_word' id='word_1_260' title='bbox 997 2130 1113 2155; x_wconf 89' lang='lat' dir='ltr'>renes</span> <span class='ocrx_word' id='word_1_261' title='bbox 1145 2119 1286 2157; x_wconf 91' lang='lat' dir='ltr'>morbo</span> <span class='ocrx_word' id='word_1_262' title='bbox 1318 2122 1566 2169; x_wconf 85' lang='lat' dir='ltr'>temptantur</span> <span class='ocrx_word' id='word_1_263' title='bbox 1596 2123 1728 2168; x_wconf 90' lang='lat' dir='ltr'>acuto,</span> 
     </span>
     <span class='ocr_line' id='line_1_29' title="bbox 699 2185 1186 2239; baseline -0.004 -13"><span class='ocrx_word' id='word_1_264' title='bbox 699 2199 846 2238; x_wconf 91' lang='lat' dir='ltr'>quaere</span> <span class='ocrx_word' id='word_1_265' title='bbox 876 2185 1014 2239; x_wconf 87' lang='lat' dir='ltr'>fugam</span> <span class='ocrx_word' id='word_1_266' title='bbox 1045 2186 1186 2227; x_wconf 91' lang='lat' dir='ltr'>morbi.</span> 
     </span>
     <span class='ocr_line' id='line_1_30' title="bbox 279 2255 2236 2308; baseline 0.001 -11"><span class='ocrx_word' id='word_1_267' title='bbox 279 2257 374 2308; x_wconf 80' lang='lat' dir='ltr'>Quo</span> <span class='ocrx_word' id='word_1_268' title='bbox 410 2257 501 2296; x_wconf 90' lang='lat' dir='ltr'>loco</span> <span class='ocrx_word' id='word_1_269' title='bbox 538 2270 628 2296; x_wconf 91' lang='lat' dir='ltr'>cum</span> <span class='ocrx_word' id='word_1_270' title='bbox 666 2255 810 2296; x_wconf 87' lang='lat' dir='ltr'>abesse</span> <span class='ocrx_word' id='word_1_271' title='bbox 848 2270 928 2295; x_wconf 90' lang='lat' dir='ltr'>non</span> <span class='ocrx_word' id='word_1_272' title='bbox 966 2256 1116 2308; x_wconf 82' lang='lat' dir='ltr'>possit,</span> <span class='ocrx_word' id='word_1_273' title='bbox 1152 2271 1203 2296; x_wconf 88' lang='lat' dir='ltr'>ne</span> <span class='ocrx_word' id='word_1_274' title='bbox 1232 2256 1430 2296; x_wconf 88' lang='lat' dir='ltr'>Horatius</span> <span class='ocrx_word' id='word_1_275' title='bbox 1467 2257 1528 2296; x_wconf 91' lang='lat' dir='ltr'>bis</span> <span class='ocrx_word' id='word_1_276' title='bbox 1564 2257 1605 2296; x_wconf 89' lang='lat' dir='ltr'>in</span> <span class='ocrx_word' id='word_1_277' title='bbox 1641 2257 1807 2298; x_wconf 89' lang='lat' dir='ltr'>eandem</span> <span class='ocrx_word' id='word_1_278' title='bbox 1845 2259 2066 2299; x_wconf 88' lang='lat' dir='ltr'>orationem</span> <span class='ocrx_word' id='word_1_279' title='bbox 2103 2259 2236 2299; x_wconf 86' lang='lat' dir='ltr'>incur-</span> 
     </span>
     <span class='ocr_line' id='line_1_31' title="bbox 274 2324 2237 2380; baseline 0.001 -13"><span class='ocrx_word' id='word_1_280' title='bbox 274 2328 376 2367; x_wconf 89' lang='lat' dir='ltr'>risse</span> <span class='ocrx_word' id='word_1_281' title='bbox 413 2340 504 2366; x_wconf 92' lang='lat' dir='ltr'>cum</span> <span class='ocrx_word' id='word_1_282' title='bbox 540 2324 696 2378; x_wconf 88' lang='lat' dir='ltr'>pudore</span> <span class='ocrx_word' id='word_1_283' title='bbox 726 2324 926 2375; x_wconf 86' lang='lat' dir='ltr'>videatur,</span> <span class='ocrx_word' id='word_1_284' title='bbox 963 2339 1012 2365; x_wconf 85' lang='lat' dir='ltr'>ex</span> <span class='ocrx_word' id='word_1_285' title='bbox 1048 2325 1171 2365; x_wconf 87' lang='lat' dir='ltr'>satira</span> <span class='ocrx_word' id='word_1_286' title='bbox 1206 2325 1462 2366; x_wconf 86' lang='lat' dir='ltr'>eximendum</span> <span class='ocrx_word' id='word_1_287' title='bbox 1497 2326 1649 2366; x_wconf 89' lang='lat' dir='ltr'>instant</span> <span class='ocrx_word' id='word_1_288' title='bbox 1678 2326 1882 2380; x_wconf 88' lang='lat' dir='ltr'>Hauptius</span> <span class='ocrx_word' id='word_1_289' title='bbox 1916 2328 2108 2380; x_wconf 89' lang='lat' dir='ltr'>primum,</span> <span class='ocrx_word' id='word_1_290' title='bbox 2144 2328 2237 2369; x_wconf 91' lang='lat' dir='ltr'>dein</span> 
     </span>
     <span class='ocr_line' id='line_1_32' title="bbox 276 2394 2238 2447; baseline 0.001 -11"><span class='ocrx_word' id='word_1_291' title='bbox 276 2395 508 2436; x_wconf 89' lang='lat' dir='ltr'>Meinekius</span> <span class='ocrx_word' id='word_1_292' title='bbox 545 2394 706 2447; x_wconf 89' lang='lat' dir='ltr'>aliique.</span> <span class='ocrx_word' id='word_1_293' title='bbox 764 2394 873 2444; x_wconf 88' lang='lat' dir='ltr'>Nos,</span> <span class='ocrx_word' id='word_1_294' title='bbox 911 2394 944 2434; x_wconf 90' lang='lat' dir='ltr'>si</span> <span class='ocrx_word' id='word_1_295' title='bbox 980 2408 1062 2433; x_wconf 92' lang='lat' dir='ltr'>non</span> <span class='ocrx_word' id='word_1_296' title='bbox 1092 2394 1290 2435; x_wconf 87' lang='lat' dir='ltr'>Horatius</span> <span class='ocrx_word' id='word_1_297' title='bbox 1327 2395 1467 2435; x_wconf 87' lang='lat' dir='ltr'>addito</span> <span class='ocrx_word' id='word_1_298' title='bbox 1498 2410 1618 2436; x_wconf 89' lang='lat' dir='ltr'>versu</span> <span class='ocrx_word' id='word_1_299' title='bbox 1652 2410 1815 2436; x_wconf 89' lang='lat' dir='ltr'>sensum</span> <span class='ocrx_word' id='word_1_300' title='bbox 1849 2396 2026 2437; x_wconf 86' lang='lat' dir='ltr'>absolvit</span> <span class='ocrx_word' id='word_1_301' title='bbox 2060 2397 2132 2438; x_wconf 90' lang='lat' dir='ltr'>sed</span> <span class='ocrx_word' id='word_1_302' title='bbox 2166 2412 2238 2438; x_wconf 91' lang='lat' dir='ltr'>ne-</span> 
     </span>
     <span class='ocr_line' id='line_1_33' title="bbox 278 2463 2240 2518; baseline 0.001 -13"><span class='ocrx_word' id='word_1_303' title='bbox 278 2466 362 2506; x_wconf 89' lang='lat' dir='ltr'>scio</span> <span class='ocrx_word' id='word_1_304' title='bbox 399 2464 489 2517; x_wconf 90' lang='lat' dir='ltr'>quis</span> <span class='ocrx_word' id='word_1_305' title='bbox 526 2478 606 2516; x_wconf 93' lang='lat' dir='ltr'>quo</span> <span class='ocrx_word' id='word_1_306' title='bbox 642 2477 825 2503; x_wconf 90' lang='lat' dir='ltr'>mancam</span> <span class='ocrx_word' id='word_1_307' title='bbox 855 2463 1167 2516; x_wconf 87' lang='lat' dir='ltr'>disputationem</span> <span class='ocrx_word' id='word_1_308' title='bbox 1199 2464 1408 2518; x_wconf 86' lang='lat' dir='ltr'>suppleret</span> <span class='ocrx_word' id='word_1_309' title='bbox 1439 2464 1600 2504; x_wconf 87' lang='lat' dir='ltr'>aliunde</span> <span class='ocrx_word' id='word_1_310' title='bbox 1630 2465 1801 2518; x_wconf 88' lang='lat' dir='ltr'>petitum</span> <span class='ocrx_word' id='word_1_311' title='bbox 1831 2466 2019 2518; x_wconf 86' lang='lat' dir='ltr'>inseruit,</span> <span class='ocrx_word' id='word_1_312' title='bbox 2056 2466 2240 2508; x_wconf 85' lang='lat' dir='ltr'>laudabi-</span> 
     </span>
     <span class='ocr_line' id='line_1_34' title="bbox 277 2533 2237 2585; baseline 0.001 -12"><span class='ocrx_word' id='word_1_313' title='bbox 277 2549 366 2574; x_wconf 89' lang='lat' dir='ltr'>mus</span> <span class='ocrx_word' id='word_1_314' title='bbox 401 2534 511 2573; x_wconf 85' lang='lat' dir='ltr'>hunc</span> <span class='ocrx_word' id='word_1_315' title='bbox 546 2533 898 2585; x_wconf 88' lang='lat' dir='ltr'>interpolatorem,</span> <span class='ocrx_word' id='word_1_316' title='bbox 935 2533 1002 2584; x_wconf 90' lang='lat' dir='ltr'>qui</span> <span class='ocrx_word' id='word_1_317' title='bbox 1032 2533 1196 2572; x_wconf 90' lang='lat' dir='ltr'>Horatii</span> <span class='ocrx_word' id='word_1_318' title='bbox 1226 2534 1362 2573; x_wconf 91' lang='lat' dir='ltr'>stilum</span> <span class='ocrx_word' id='word_1_319' title='bbox 1393 2548 1474 2573; x_wconf 90' lang='lat' dir='ltr'>non</span> <span class='ocrx_word' id='word_1_320' title='bbox 1504 2534 1646 2573; x_wconf 89' lang='lat' dir='ltr'>leviter</span> <span class='ocrx_word' id='word_1_321' title='bbox 1675 2534 1874 2575; x_wconf 90' lang='lat' dir='ltr'>adiuvisse</span> <span class='ocrx_word' id='word_1_322' title='bbox 1905 2535 2132 2576; x_wconf 88' lang='lat' dir='ltr'>censendus</span> <span class='ocrx_word' id='word_1_323' title='bbox 2163 2541 2237 2576; x_wconf 90' lang='lat' dir='ltr'>est.</span> 
     </span>
     <span class='ocr_line' id='line_1_35' title="bbox 277 2602 2238 2659; baseline 0.001 -16"><span class='ocrx_word' id='word_1_324' title='bbox 277 2603 446 2643; x_wconf 90' lang='lat' dir='ltr'>Interim</span> <span class='ocrx_word' id='word_1_325' title='bbox 482 2602 593 2656; x_wconf 91' lang='lat' dir='ltr'>quod</span> <span class='ocrx_word' id='word_1_326' title='bbox 629 2608 711 2642; x_wconf 87' lang='lat' dir='ltr'>tam</span> <span class='ocrx_word' id='word_1_327' title='bbox 749 2602 911 2656; x_wconf 87' lang='lat' dir='ltr'>egregie</span> <span class='ocrx_word' id='word_1_328' title='bbox 949 2602 1119 2641; x_wconf 85' lang='lat' dir='ltr'>orationi</span> <span class='ocrx_word' id='word_1_329' title='bbox 1156 2602 1486 2643; x_wconf 89' lang='lat' dir='ltr'>accommodatur</span> <span class='ocrx_word' id='word_1_330' title='bbox 1521 2602 1570 2643; x_wconf 88' lang='lat' dir='ltr'>ab</span> <span class='ocrx_word' id='word_1_331' title='bbox 1607 2603 1696 2656; x_wconf 89' lang='lat' dir='ltr'>ipso</span> <span class='ocrx_word' id='word_1_332' title='bbox 1733 2618 1821 2645; x_wconf 89' lang='lat' dir='ltr'>esse</span> <span class='ocrx_word' id='word_1_333' title='bbox 1855 2608 1977 2658; x_wconf 88' lang='lat' dir='ltr'>poeta</span> <span class='ocrx_word' id='word_1_334' title='bbox 2010 2605 2238 2659; x_wconf 87' lang='lat' dir='ltr'>profectum</span> 
     </span>
     <span class='ocr_line' id='line_1_36' title="bbox 276 2673 498 2713; baseline -0.005 -1"><span class='ocrx_word' id='word_1_335' title='bbox 276 2673 498 2713; x_wconf 89' lang='lat' dir='ltr'>credemus.</span> 
     </span>
     <span class='ocr_line' id='line_1_37' title="bbox 468 2741 2240 2796; baseline 0.002 -14"><span class='ocrx_word' id='word_1_336' title='bbox 468 2743 518 2783; x_wconf 92' lang='lat' dir='ltr'>In</span> <span class='ocrx_word' id='word_1_337' title='bbox 556 2742 728 2795; x_wconf 90' lang='lat' dir='ltr'>epistola</span> <span class='ocrx_word' id='word_1_338' title='bbox 765 2741 857 2783; x_wconf 90' lang='lat' dir='ltr'>libri</span> <span class='ocrx_word' id='word_1_339' title='bbox 894 2742 1012 2794; x_wconf 89' lang='lat' dir='ltr'>primi</span> <span class='ocrx_word' id='word_1_340' title='bbox 1051 2742 1378 2783; x_wconf 90' lang='lat' dir='ltr'>duodevicesima</span> <span class='ocrx_word' id='word_1_341' title='bbox 1414 2742 1521 2783; x_wconf 92' lang='lat' dir='ltr'>idem</span> <span class='ocrx_word' id='word_1_342' title='bbox 1558 2744 1760 2796; x_wconf 83' lang='lat' dir='ltr'>exemplar</span> <span class='ocrx_word' id='word_1_343' title='bbox 1795 2743 2097 2786; x_wconf 87' lang='lat' dir='ltr'>Meinekianum</span> <span class='ocrx_word' id='word_1_344' title='bbox 2139 2744 2240 2787; x_wconf 84' lang='lat' dir='ltr'>haec</span> 
     </span>
     <span class='ocr_line' id='line_1_38' title="bbox 276 2813 456 2868; baseline -0.006 -14"><span class='ocrx_word' id='word_1_345' title='bbox 276 2813 456 2868; x_wconf 87' lang='lat' dir='ltr'>praebet.</span> 
     </span>
     <span class='ocr_line' id='line_1_39' title="bbox 1134 2882 1851 2935; baseline 0.004 -13"><span class='ocrx_word' id='word_1_346' title='bbox 1134 2887 1193 2932; x_wconf 89' lang='lat' dir='ltr'>tu,</span> <span class='ocrx_word' id='word_1_347' title='bbox 1224 2882 1319 2922; x_wconf 90' lang='lat' dir='ltr'>dum</span> <span class='ocrx_word' id='word_1_348' title='bbox 1348 2888 1419 2923; x_wconf 90' lang='lat' dir='ltr'>tua</span> <span class='ocrx_word' id='word_1_349' title='bbox 1448 2882 1562 2923; x_wconf 90' lang='lat' dir='ltr'>navis</span> <span class='ocrx_word' id='word_1_350' title='bbox 1592 2883 1633 2922; x_wconf 89' lang='lat' dir='ltr'>in</span> <span class='ocrx_word' id='word_1_351' title='bbox 1664 2884 1744 2925; x_wconf 87' lang='lat' dir='ltr'>alto</span> <span class='ocrx_word' id='word_1_352' title='bbox 1775 2890 1851 2935; x_wconf 92' lang='lat' dir='ltr'>est,</span> 
     </span>
     <span class='ocr_line' id='line_1_40' title="bbox 701 2951 1753 3005; baseline 0.001 -14"><span class='ocrx_word' id='word_1_353' title='bbox 701 2951 779 2991; x_wconf 88' lang='lat' dir='ltr'>hoc</span> <span class='ocrx_word' id='word_1_354' title='bbox 809 2964 899 3005; x_wconf 90' lang='lat' dir='ltr'>age,</span> <span class='ocrx_word' id='word_1_355' title='bbox 930 2964 981 2990; x_wconf 91' lang='lat' dir='ltr'>ne</span> <span class='ocrx_word' id='word_1_356' title='bbox 1011 2956 1166 2991; x_wconf 84' lang='lat' dir='ltr'>mutata</span> <span class='ocrx_word' id='word_1_357' title='bbox 1194 2957 1414 2992; x_wconf 89' lang='lat' dir='ltr'>retrorsum</span> <span class='ocrx_word' id='word_1_358' title='bbox 1445 2956 1485 2991; x_wconf 91' lang='lat' dir='ltr'>te</span> <span class='ocrx_word' id='word_1_359' title='bbox 1514 2951 1616 2992; x_wconf 84' lang='lat' dir='ltr'>ferat</span> <span class='ocrx_word' id='word_1_360' title='bbox 1646 2966 1753 2992; x_wconf 88' lang='lat' dir='ltr'>aura.</span> 
     </span>
     <span class='ocr_line' id='line_1_41' title="bbox 701 3020 1679 3077; baseline -0.001 -15"><span class='ocrx_word' id='word_1_361' title='bbox 701 3020 875 3062; x_wconf 77' lang='lat' dir='ltr'>oderunt</span> <span class='ocrx_word' id='word_1_362' title='bbox 905 3020 1072 3061; x_wconf 85' lang='lat' dir='ltr'>hilarem</span> <span class='ocrx_word' id='word_1_363' title='bbox 1102 3022 1239 3062; x_wconf 89' lang='lat' dir='ltr'>tristes</span> <span class='ocrx_word' id='word_1_364' title='bbox 1268 3022 1507 3077; x_wconf 87' lang='lat' dir='ltr'>tristemque</span> <span class='ocrx_word' id='word_1_365' title='bbox 1537 3022 1679 3075; x_wconf 84' lang='lat' dir='ltr'>iocosi,</span> 
     </span>
    </p>
   </div>
   <div class='ocr_carea' id='block_1_3' title="bbox 2299 0 2525 46">
    <p class='ocr_par' dir='ltr' id='par_1_3' title="bbox 2299 0 2525 46">
     <span class='ocr_line' id='line_1_42' title="bbox 2299 0 2525 46; baseline 0 3451"><span class='ocrx_word' id='word_1_366' title='bbox 2299 0 2525 46; x_wconf 95' lang='lat' dir='ltr'> </span> 
     </span>
    </p>
   </div>
  </div>
 </body>
</html>
