2525 3497
1242 200 1266 242 7

286 326 348 365 nis
378 325 589 365 eonsilium
619 324 819 374 referenti,
849 323 1131 377 exaggerando
1162 327 1208 363 ut
1236 322 1423 370 nonnihil*
1449 322 1668 362 orationem
1701 321 1881 371 extollat3
1913 326 1953 361 et
1974 335 2093 374 quam
2114 320 2233 375 longe

285 407 387 445 quae
417 394 516 433 dicit
544 397 631 448 quis
661 395 777 446 diyne
805 395 1002 445 scripserit
1030 392 1185 431 distant
1214 393 1262 431 ab
1292 393 1340 431 iis
1371 406 1473 443 quae
1505 392 1544 430 in
1576 392 1743 430 similem
1774 392 2009 430 sententiam
2041 392 2079 429 in
2111 392 2234 430 satira

281 462 370 502 libri
400 463 565 503 secundi
596 463 725 516 prima
753 463 889 515 posuit

1043 517 1246 570 cupidum,
1276 522 1392 570 pater
1421 516 1584 569 optime,
1615 517 1719 555 vires

749 588 957 627 deficiunt:
989 601 1118 638 neque
1149 588 1252 626 enim
1283 587 1412 638 quivis
1443 586 1648 625 horrentia
1677 586 1768 637 pilis

749 657 908 708 agmina
937 671 1010 696 nec
1040 657 1169 695 fracta
1197 662 1412 708 pereuntes
1444 655 1610 708 cuspide
1642 653 1785 694 Gallos

639 727 685 765 15
745 732 814 766 aut
842 726 1013 766 labentis
1045 739 1148 777 equo
1179 725 1372 764 describit
1401 725 1567 764 volnera
1595 724 1748 763 Parthi.

466 806 511 833 ΙΙ.
569 795 601 833 Ι.
623 794 835 835 Bekkerus
865 796 906 834 in
937 794 1096 834 schedis
1119 794 1344 833 Homericis
1377 795 1434 845 (1,
1457 795 1555 846 204)
1586 794 1685 832 scite
1716 793 1947 832 observavit
1977 794 2016 831 in
2047 793 2227 832 oratione

279 864 406 915 qualis
437 864 538 903 haec
567 869 629 904 est
657 864 875 904 Homerica

744 937 815 982 πῶς
845 928 885 973 ἂν
915 931 1021 973 ἔπειτ’
1053 932 1225 986 Ὀδυσῆος
1255 930 1320 984 ἐγώ
1348 930 1459 975 θείοιο
1491 932 1671 985 λαθοίμην

740 998 775 1053 ἲς
805 1001 883 1055 περὶ
913 1003 971 1057 μὲν
1002 1003 1071 1043 νέον
1101 1000 1175 1043 ἐστὶ
1204 1006 1349 1054 βροτῶν,
1380 1000 1458 1054 περὶ
1488 1003 1520 1042 δ’
1554 1000 1612 1054 {put
1640 1005 1771 1044 θεοῖσιν

740 1072 971 1114 ἀθανάτοισιν
1001 1071 1118 1119 Zamae,
1149 1071 1202 1112 τοὶ
1232 1071 1371 1122 ου’ρανὸν
1400 1071 1497 1122 εὖρῦν
1527 1071 1684 1122 ἔχουσινς

276 1143 373 1183 satis
407 1143 539 1196 inepte
574 1144 930 1198 interrogationem
967 1143 1116 1196 signari
1152 1143 1220 1182 ubi
1255 1157 1344 1183 esse
1378 1142 1733 1196 interrogationem
1768 1141 1847 1181 iam
1876 1155 2002 1194 paene
2032 1140 2224 1182 exciderit

275 1212 445 1266 legenti3
475 1227 604 1266 neque
634 1213 772 1253 utilius
803 1213 911 1266 apud
935 1212 1161 1267 Vergilium
1191 1212 1231 1251 in
1262 1213 1462 1266 georgicis
1493 1213 1551 1264 (l,
1572 1213 1666 1264 104)
1699 1225 1788 1250 cum
1818 1212 2096 1265 interrogativi
2126 1212 2224 1250 nihil

275 1282 328 1321 sit
362 1282 402 1321 in
438 1283 618 1323 oratione
654 1287 935 1336 praeterquam
970 1284 1069 1336 quid
1102 1284 1231 1321 dicam
1261 1284 1378 1334 (104)
1415 1288 1552 1320 notam
1587 1283 1703 1319 istam
1740 1296 1809 1320 sex
1846 1288 1997 1333 septem
2038 1283 2222 1320 versibus

274 1351 491 1389 interiectis
522 1353 641 1403 (110)
674 1352 724 1390 ad
752 1352 1014 1403 parenthesin
1044 1352 1252 1403 applicari.
1299 1351 1454 1391 Similia
1481 1352 1520 1389 in
1551 1351 1710 1390 Horatii
1742 1352 1983 1390 carminibus
2008 1356 2225 1390 occurrunt

276 1424 315 1457 et
346 1425 497 1459 attente
527 1421 727 1473 legentem
756 1421 948 1473 impedire
978 1426 1167 1473 possunt;
1198 1421 1309 1460 velut
1339 1419 1384 1458 C.
1408 1421 1444 1469 2,
1469 1421 1491 1458 7

806 1489 843 1530 O
875 1504 995 1543 saepe
1025 1503 1182 1530 mecum
1211 1495 1370 1543 tempus
1401 1489 1442 1528 in
1471 1489 1652 1529 ultimum

804 1559 974 1599 deducte
1005 1560 1133 1599 Bruto
1164 1560 1328 1599 militiae
1358 1559 1472 1610 duce,

802 1632 892 1681 quis
923 1636 962 1669 te
992 1629 1203 1669 redonavit
1234 1628 1434 1680 Quiritem

802 1699 863 1739 dis
892 1700 1032 1752 patriis
1061 1699 1247 1751 Italoque
1278 1699 1404 1749 caelo,

724 1786 747 1823 5
804 1784 988 1836 Pompei,
1016 1798 1196 1824 meorum
1225 1784 1351 1837 prime
1382 1782 1593 1833 sodalium,

802 1866 893 1891 cum
924 1866 1004 1904 quo
1036 1858 1259 1892 morantem
1290 1866 1410 1904 saepe
1440 1852 1544 1891 diem
1575 1865 1684 1890 mero

798 1922 901 1974 fregi
930 1928 1146 1962 coronatus
1175 1922 1350 1962 nitentes

799 1991 1050 2031 malobathro
1083 1991 1202 2045 Syrio
1234 1992 1402 2045 capillos

269 2060 428 2100 variant
457 2060 632 2101 editores
663 2066 703 2100 et
732 2061 932 2110 nonnulli,
962 2061 1002 2100 in
1033 2061 1178 2113 quibus
1208 2061 1440 2100 Meinekius
1470 2066 1509 2100 et
1536 2060 1757 2114 Hauptius,
1786 2066 1881 2114 post
1910 2062 2103 2100 sodalium
2133 2076 2169 2100 v.
2194 2063 2217 2100 5

269 2129 544 2184 interrogandi
582 2129 775 2170 indicium
811 2130 992 2170 fecerunt
1027 2130 1321 2183 distinguentes
1361 2144 1463 2183 quae
1501 2130 1639 2169 intime
1678 2144 1859 2169 connexa
1895 2136 2009 2180 sunt,
2048 2144 2216 2169 meorum

261 2201 391 2252 prime
424 2201 636 2250 sodalium,
674 2215 761 2240 cum
794 2215 869 2254 quo
903 2215 1014 2254 saepe
1048 2202 1148 2240 diem
1173 2199 1297 2254 freyi,
1338 2201 1404 2240 alii
1439 2200 1479 2240 in
1515 2206 1694 2241 extrema
1729 2201 1908 2241 oratione
1946 2202 2063 2254 (post
2092 2202 2216 2255 capil-

268 2269 362 2322 los),
397 2284 499 2322 quae
533 2269 613 2310 iam
648 2269 747 2309 nihil
782 2269 904 2310 habet
937 2270 1284 2324 interrogationis:
1320 2284 1395 2310 nos
1429 2274 1573 2309 neutro
1608 2270 1698 2309 loco
1731 2270 2088 2324 interrogationem
2119 2270 2215 2309 satis

265 2338 467 2379 indicante
502 2339 740 2393 pronomine
775 2340 831 2392 (v.
855 2340 897 2393 3)
934 2339 1151 2380 notandam
1181 2339 1380 2380 duximus.
1440 2338 1594 2380 Similia
1624 2346 1718 2379 sunt
1748 2339 1795 2379 C.
1818 2342 1862 2390 4,
1887 2342 1954 2389 14,
1980 2342 2108 2389 1-6,
2145 2340 2216 2379 ubi

265 2414 403 2447 notam
439 2409 491 2447 ad
525 2411 754 2448 vocativum
784 2410 981 2449 adiectam
1015 2410 1157 2449 melius
1193 2410 1304 2449 afore
1342 2411 1549 2450 sentimus.
1609 2409 1655 2449 C.
1684 2411 1727 2459 2,
1752 2411 1799 2449 12
1835 2410 1957 2463 vulgo
1998 2410 2056 2450 sic
2093 2410 2216 2449 inter-

295 2478 473 2528 unoitur,

265 2492 291 2529 p
352 2512 377 2530 ο
794 2549 890 2575 num
920 2540 965 2575 tu
995 2549 1097 2588 quac
1127 2535 1258 2575 tenuit
1287 2535 1399 2575 dives
1429 2535 1711 2575 Achaemenes

795 2610 865 2643 aut
892 2606 1056 2658 pinguis
1086 2605 1288 2658 Phrygiae
1317 2604 1565 2658 Mygdonias
1596 2619 1694 2657 opes

793 2680 1023 2726 permutare
1053 2676 1152 2715 velis
1182 2675 1292 2714 crine
1321 2675 1571 2727 Licymniae,

793 2744 935 2796 plenas
966 2750 1036 2784 aut
1064 2744 1246 2784 Arabum
1276 2743 1446 2785 domos?

685 2828 736 2866 25
794 2827 889 2866 dum
918 2827 1131 2881 flagrantia
1161 2827 1376 2880 detorquet
1406 2827 1457 2867 ad
1487 2827 1627 2868 oscula

794 2897 1005 2947 cervicem,
1035 2903 1105 2937 aut
1133 2898 1240 2936 facili
1270 2898 1438 2937 saevitia
1466 2904 1590 2951 negat

789 2980 906 3019 quae,
938 2971 1149 3020 poscente,
1178 2967 1308 3020 magis
1338 2967 1514 3020 gaudeat
1545 2966 1656 3020 eripi,

786 3036 988 3077 interdum
1022 3050 1165 3090 rapere
1195 3041 1378 3090 occupat.
