2525 3497
1251 193 1305 235 17

294 332 472 371 ususque
497 321 559 358 est
583 330 630 356 eo
657 327 818 367 quoque
844 314 1027 368 exemplo
1052 320 1098 355 ut
1116 314 1372 355 Lachmanni
1398 314 1447 355 de
1473 314 1627 355 iteratis
1647 313 1756 368 apud
1775 314 1989 355 Horatium
2012 314 2251 356 sententiam

295 385 612 441 argumentando
642 383 813 424 fulciret.
864 383 913 423 In
944 384 1068 424 satira
1097 389 1231 424 autem
1259 383 1366 424 unde
1395 384 1508 424 illum
1528 385 1699 437 petitum
1719 390 1893 438 arguunt
1914 384 2014 425 haec
2034 385 2224 438 leguntur

637 455 687 491 71
749 465 873 491 causa
899 453 977 491 fuit
1004 458 1120 505 pater
1148 454 1225 501 his,
1258 454 1326 504 qui
1355 467 1489 492 macro
1518 467 1672 506 pauper
1701 454 1832 507 agello

749 523 885 561 noluit
913 523 955 561 in
983 522 1103 562 Flavi
1130 523 1270 562 ludum
1299 538 1362 562 me
1391 524 1563 573 mittere,
1593 524 1729 575 magni

750 605 831 643 quo
860 590 973 644 pueri
1003 591 1160 645 magnis
1191 606 1212 631 e
1243 592 1547 633 centurionibus
1577 594 1656 633 orti

663 682 714 689 —
744 659 860 699 laevo
891 659 1078 713 suspensi
1106 659 1262 700 loculos
1291 659 1552 713 tabulamque
1582 661 1732 700 lacerto

639 730 688 767 75
746 730 860 768 ibant
888 730 1044 768 octonis
1075 730 1292 769 referentes
1321 731 1453 769 idibus
1484 744 1588 769 aera.

292 802 349 841 Et
384 800 479 839 hinc
517 797 680 849 quidem
714 797 875 849 planius
910 798 1171 850 perspicitur,
1210 798 1309 850 quid
1339 799 1415 839 sibi
1443 799 1515 838 illa
1543 800 1667 839 verba
1695 799 1840 848 velint,
1877 800 2024 850 quibus
2054 799 2096 837 in
2127 800 2251 839 satira

293 870 475 910 videmus
506 868 681 920 speciem
711 881 928 919 puerorum
957 868 998 906 in
1028 867 1168 907 ludum
1197 868 1384 908 itantium
1414 868 1592 920 depingi.
1651 867 1797 920 Neque
1819 868 2009 908 credibile
2032 875 2094 908 est
2114 870 2248 908 verbis

292 938 434 980 iisdem
466 951 547 977 non
578 936 750 977 eundem
779 936 993 989 utrobique
1024 950 1187 977 sensum
1218 938 1398 978 subesse.
1451 935 1586 988 Quare
1613 941 1682 977 aut
1708 936 1774 977 hic
1801 951 1943 977 sensus
1966 952 2094 990 ,quem
2126 938 2250 978 satira

293 1008 470 1048 declarat
503 1019 669 1046 necesse
705 1011 766 1046 est
800 1006 994 1058 epistolae
1032 1011 1192 1059 aptetur
1225 1012 1297 1046 aut
1331 1007 1365 1047 si
1401 1006 1479 1046 hoc
1516 1006 1603 1046 fieri
1640 1021 1721 1047 non
1750 1012 1889 1059 potest
1916 1007 2157 1047 reiiciendus
2190 1013 2250 1047 est

292 1090 446 1116 versus.
506 1075 635 1126 Atqui
661 1075 702 1113 in
724 1074 908 1127 epistola,
938 1075 972 1114 si
992 1075 1115 1114 verba
1136 1076 1340 1127 sequimur
1361 1080 1401 1114 et
1424 1075 1493 1113 illa
1525 1076 1820 1115 reminiscimur
1841 1091 1943 1128 quae
1965 1091 2026 1128 ep.
2055 1079 2089 1125 l,
2112 1077 2176 1126 18,
2200 1076 2249 1114 13

293 1145 482 1196 leguntur
510 1145 563 1183 sic
592 1145 710 1182 iterat
736 1156 841 1183 voces
862 1172 871 1182 .
890 1173 898 1182 .
926 1150 972 1182 ut
991 1157 1164 1196 puerum
1193 1157 1303 1183 saevo
1332 1145 1468 1183 credas
1498 1145 1645 1184 dictata
1675 1146 1860 1197 maqietro
1889 1146 2058 1193 reddere,
2090 1144 2168 1183 hoc
2189 1144 2249 1183 di-

295 1214 349 1253 cit
368 1213 580 1263 Horatius,
611 1228 714 1265 quae
744 1213 868 1252 Ianus
898 1212 1023 1252 veluti
1052 1212 1137 1252 ludi
1167 1214 1360 1265 magister
1388 1213 1611 1266 prodoceat
1641 1228 1688 1253 ea
1716 1228 1936 1266 puerorum
1967 1215 2095 1253 instar
2124 1214 2250 1265 magi-

294 1288 377 1322 stro
407 1282 560 1321 dictata
588 1281 842 1321 reddentium
870 1282 1037 1321 iuvenes
1073 1288 1113 1321 et
1142 1296 1258 1321 senes
1287 1283 1478 1322 recinere.
1541 1281 1672 1333 Quam
1703 1283 1944 1322 sententiam
1974 1282 2116 1321 damus
2146 1283 2249 1321 inte-

293 1366 406 1404 gram
444 1365 531 1391 esse
565 1352 651 1390 sive
687 1351 850 1390 additur
884 1365 1026 1391 versus
1058 1353 1108 1390 56
1145 1352 1229 1391 sive
1265 1352 1481 1391 omittitur:
1521 1352 1672 1404 quippe
1708 1352 1836 1391 simile
1872 1367 1897 1391 a
1930 1352 2067 1404 pueris
2098 1352 2251 1390 dictata

292 1420 556 1462 reddentibus
590 1420 762 1473 petitum
791 1420 898 1460 inest
925 1421 966 1460 in
994 1435 1031 1459 v.
1056 1421 1119 1460 55.
1180 1419 1264 1461 Sed
1298 1426 1432 1461 tamen
1462 1435 1603 1461 versus
1632 1422 1682 1460 56
1720 1435 1810 1461 cum
1845 1425 1984 1461 notam
2020 1421 2249 1473 legentibus

292 1505 511 1544 puerorum
540 1490 582 1529 in
610 1490 751 1530 ludum
780 1490 1061 1530 cursitantium
1089 1490 1304 1542 imaginem
1329 1491 1558 1531 felicissime
1580 1504 1811 1543 expressam
1830 1496 1983 1540 teneat,
2012 1504 2094 1530 non
2114 1492 2250 1543 inepte

296 1560 390 1599 addi
419 1559 593 1609 videtur,
629 1573 710 1611 quo
746 1565 786 1598 et
815 1559 943 1598 simile
973 1559 1074 1597 illud
1104 1560 1320 1599 extollatur
1350 1565 1390 1598 et
1418 1560 1567 1599 maiore
1596 1574 1685 1598 cum
1715 1560 1890 1599 ludibrio
1920 1560 2086 1599 iuvenes
2117 1566 2158 1599 et
2188 1575 2250 1599 se-

294 1645 366 1670 nes
386 1630 476 1669 Iani
505 1630 746 1682 sapientiam
774 1634 821 1668 ut
849 1628 1001 1668 dictata
1030 1629 1255 1669 recinentes
1285 1645 1503 1682 puerorum
1532 1644 1643 1670 more
1670 1629 2017 1669 elementariorum
2044 1644 2086 1669 se
2112 1644 2251 1681 gerere

294 1699 492 1740 dicantur.
550 1698 668 1738 Haec
693 1703 827 1738 autem
847 1697 972 1737 verba
1002 1698 1106 1738 laevo
1135 1700 1313 1752 suspensi
1341 1700 1484 1739 loculos
1515 1699 1762 1752 tabulamque
1792 1700 1948 1748 lacerto,
1977 1713 2026 1738 ne
2047 1698 2137 1749 quis
2158 1713 2249 1750 par-

294 1768 457 1808 ticulam
492 1768 807 1821 comparativam
843 1767 1064 1818 desideret,
1100 1768 1276 1821 appositi
1309 1768 1401 1807 loco
1436 1768 1488 1807 ad
1522 1769 1675 1807 iuvenes
1705 1781 1885 1822 senesque
1921 1766 2015 1806 addi
2044 1773 2250 1819 putamus,

295 1837 633 1890 quemadmodum
654 1837 851 1876 Horatius
882 1837 1022 1877 scribit
1053 1851 1114 1890 ep.
1140 1840 1176 1887 l,
1199 1838 1236 1887 2,
1257 1838 1309 1876 42
1341 1839 1410 1890 qui
1436 1845 1533 1877 recte
1562 1839 1718 1877 vivendi
1738 1845 1930 1890 proroyat
1954 1838 2100 1885 horam,
2132 1839 2250 1875 rusti-

296 1923 363 1948 cus
397 1915 589 1961 exspectat
622 1908 716 1947 dum
751 1907 898 1959 defluat
929 1908 1073 1957 amnis,
1110 1912 1180 1946 aut
1215 1908 1258 1957 2,
1280 1908 1322 1957 2,
1344 1908 1396 1947 98
1428 1908 1627 1947 caedimur
1654 1916 1690 1947 et
1720 1908 1875 1947 totidem
1899 1908 2033 1960 playis
2062 1908 2253 1946 consumi-

297 1991 383 2016 mus
416 1979 557 2016 hostem
593 1978 690 2015 lento
721 1976 914 2015 Samnites
947 1977 1002 2014 ad
1038 1977 1187 2014 lumina
1213 1978 1352 2028 prima
1382 1978 1521 2015 duello.
1579 1978 1724 2029 Itaque
1761 1989 1851 2015 cum
1882 1977 1941 2014 sic
1970 1977 2251 2028 interpretanti

300 2047 511 2085 consilium
542 2045 746 2095 quoddam
776 2045 902 2083 additi
933 2059 1072 2083 versus
1103 2051 1295 2096 appareat
1322 2059 1453 2095 neque
1484 2046 1524 2083 in
1555 2047 1734 2083 oratione
1765 2047 1816 2084 sit
1847 2045 1957 2095 quod
1986 2046 2250 2095 vituperetur,

297 2130 370 2155 nos
405 2130 456 2154 ne
491 2114 558 2153 hic
593 2114 754 2165 quidem
784 2114 1030 2165 probabilius
1060 2113 1254 2153 habemus
1284 2129 1308 2152 a
1337 2114 1440 2153 male
1471 2114 1612 2153 sedulo
1642 2115 1766 2154 verba
1797 2129 1848 2153 ex
1876 2114 1999 2153 satira
2027 2114 2069 2152 in
2100 2114 2251 2166 episto-

298 2184 376 2223 lam
406 2185 567 2223 invecta
596 2198 717 2235 quam
748 2182 885 2223 eadem
917 2183 966 2222 ab
996 2182 1166 2222 Horatio
1195 2183 1284 2235 ipso
1314 2189 1488 2235 utroque
1518 2183 1609 2223 loco
1638 2184 1773 2236 posita
1803 2198 1910 2223 esse:
1943 2197 2061 2234 quem
2092 2183 2251 2234 quidem

296 2267 404 2293 nunc
432 2267 514 2293 non
548 2258 697 2293 temere
737 2257 777 2292 et
810 2251 1104 2305 imprudentem
1143 2252 1185 2291 in
1220 2251 1387 2293 eandem
1424 2252 1617 2292 orationis
1653 2252 1823 2292 formam
1858 2252 2067 2301 incidisse,
2106 2251 2177 2291 sed
2214 2256 2254 2291 et

298 2322 432 2375 ipsum
461 2311 681 2362 memorem
709 2321 835 2361 fuisse
855 2334 996 2361 versus
1027 2321 1122 2360 olim
1150 2321 1245 2361 facti
1276 2327 1316 2361 et
1345 2321 1524 2361 eiusdem
1544 2334 1742 2361 memores
1764 2334 1854 2361 esse
1873 2320 2051 2360 voluisse
2071 2320 2250 2372 legentes

302 2392 586 2432 existimamus.

490 2462 567 2500 His
596 2461 850 2513 potissimum
879 2460 1103 2500 rationibus
1133 2460 1246 2498 ducti
1275 2465 1467 2511 quattuor
1496 2460 1587 2499 illos
1616 2474 1774 2509 versus,
1806 2474 1907 2510 quos
1937 2459 2142 2510 Hauptius
2172 2459 2250 2497 iam

298 2530 340 2568 in
373 2530 502 2581 prima
531 2530 694 2569 Horatii
729 2529 905 2568 editione
936 2529 1147 2568 uncinatos
1178 2528 1364 2578 dederat,
1402 2543 1477 2568 nos
1515 2535 1703 2580 quartum
1739 2528 1874 2567 libello
1909 2529 2120 2579 recognito
2156 2534 2253 2567 nota

297 2598 571 2639 liberavimus.
630 2599 695 2639 De
725 2599 913 2638 universo
945 2603 1078 2638 autem
1108 2612 1255 2650 genere
1283 2599 1452 2638 iteratae
1483 2597 1591 2650 apud
1612 2598 1827 2637 Horatium
1849 2597 2043 2637 orationis
2073 2598 2130 2635 ita
2161 2612 2251 2637 sen-

298 2667 437 2716 timus,
478 2669 513 2707 si
547 2668 637 2719 quis
672 2668 750 2707 hoc
789 2682 908 2719 agere
943 2668 1202 2719 studioseque
1236 2673 1364 2706 totam
1400 2668 1609 2706 materiem
1645 2667 1855 2705 exhaurire
1891 2667 2005 2716 velit,
2045 2667 2253 2707 evidenter

297 2735 461 2786 probari
488 2750 625 2788 posse,
653 2736 825 2775 Horatio
857 2736 1037 2788 quamvis
1066 2736 1309 2788 politissimo
1338 2741 1482 2788 poetae
1513 2735 1620 2774 idem
1651 2734 1761 2786 quod
1790 2735 1876 2774 aliis
1896 2736 2028 2786 poetis
2056 2736 2252 2775 accidisse

299 2809 345 2843 ut
373 2804 548 2845 insciens
577 2820 881 2858 nonnumquam
909 2806 951 2845 in
981 2805 1145 2846 easdem
1174 2806 1238 2845 vel
1269 2805 1418 2845 similes
1448 2804 1609 2845 dicendi
1640 2810 1710 2844 aut
1736 2803 1934 2844 sentiendi
1959 2804 2109 2845 formas
2129 2806 2251 2845 ratio-

301 2886 452 2924 nesque
486 2873 708 2925 laberetur,
745 2889 877 2926 neque
921 2875 999 2914 hoc
1032 2876 1073 2913 in
1109 2875 1351 2914 carminibus
1387 2874 1519 2913 minus
1555 2888 1675 2925 quam
1709 2874 1750 2911 in
1786 2873 1918 2912 satiris
1953 2879 2023 2913 aut
2057 2875 2251 2927 epistolis.

300 2940 445 2993 Itaque
474 2942 620 2983 nimius
649 2944 726 2983 fuit
753 2943 1039 2984 Lachmannus
1070 2958 1161 2984 cum
1190 2948 1359 2996 negaret
1388 2942 1603 2982 Horatium
1632 2942 1709 2981 nisi
1739 2956 1831 2982 cum
1862 2948 1972 2981 certa
1999 2943 2155 2982 ratione
2185 2943 2254 2982 iis-

300 3010 391 3051 dem
424 3012 558 3053 verbis
592 3013 683 3067 plus
719 3014 841 3055 semel
874 3028 993 3055 usum
1028 3028 1129 3055 esse.
1188 3013 1271 3055 Sed
1306 3027 1381 3054 nos
1419 3013 1497 3053 hoc
1533 3013 1621 3053 aliis
1657 3012 1934 3066 peragendum
1968 3013 2250 3065 relinquimus:

1942 3084 1967 3126 3
