2525 3497
1258 202 1313 245 18

304 341 428 368 unum
459 327 580 368 etiam
610 326 838 380 exemplum
867 338 943 366 nec
972 325 1049 365 hac
1078 325 1167 365 sola
1196 325 1245 365 de
1276 337 1396 365 causa
1421 324 1634 364 afferimus.
1680 324 1729 363 In
1755 324 1820 364 his
1848 324 1954 363 enim
1978 337 2081 376 quae
2103 325 2285 383 scripsit·

305 396 391 436 Sat.
415 398 453 447 2,
478 399 513 447 1,
536 399 587 435 64

702 467 916 507 detrahere
948 472 987 506 et
1017 466 1178 518 pellem,
1208 465 1360 506 nitidus
1389 479 1469 516 qua
1499 463 1671 516 quisque
1701 479 1775 517 per
1804 478 1874 504 ora

701 536 879 587 cederet,
909 536 1130 576 introrsum
1160 535 1289 588 turpis

302 610 342 645 et
370 605 448 659 Ep.
476 607 510 655 1,
535 607 599 657 16,
621 607 674 645 44

702 676 775 716 sed
804 675 917 716 videt
946 677 1056 716 hunc
1086 676 1215 716 omnis
1246 674 1389 714 domus
1420 679 1461 713 et
1489 674 1637 713 vicinia
1667 678 1753 712 tota

700 746 900 785 introrsus
931 752 1104 799 turpem,
1137 746 1365 798 speciosum
1394 744 1498 796 pelle
1529 743 1678 782 decora

300 814 501 865 quaedam
531 815 729 866 insignior
759 817 983 855 sententiae
1016 821 1057 855 et
1087 815 1280 854 orationis
1311 812 1530 853 similitudo
1562 812 1810 864 agnoscitur,
1844 811 1962 852 simul
1998 811 2097 851 illud
2126 810 2260 851 Hora-

299 884 416 935 tium,
445 889 492 924 ut
523 889 610 924 erat
639 885 760 925 etiam
791 898 983 925 sonorum
1012 884 1269 924 felicissimus
1300 883 1457 933 artifex,
1487 896 1606 935 quem
1636 881 1699 921 vel
1729 881 1824 921 talia
1853 880 2031 935 produnt

698 968 801 1006 quae
832 960 943 994 caret
972 967 1042 993 ora
1072 967 1213 993 cruore
1244 958 1384 993 nostro
1415 952 1462 992 C.
1486 953 1524 1003 2,
1548 954 1583 1002 1,
1606 953 1656 991 36

698 1023 767 1073 qui
796 1036 887 1061 rore
917 1036 1020 1074 puro
1053 1022 1256 1060 Castaliae
1286 1023 1386 1060 lavit

695 1091 824 1132 crines
854 1092 1009 1131 solutos
1041 1091 1086 1131 C.
1112 1093 1149 1141 3,
1171 1093 1210 1140 4,
1233 1093 1280 1130 61
1316 1091 1385 1142 (cf.
1418 1093 1457 1141 4,
1480 1092 1517 1140 6,
1541 1092 1612 1143 26)

1055 1175 1078 1200 o
1108 1161 1293 1201 laborum

691 1229 810 1271 dulce
839 1230 1011 1271 lenimen
1044 1230 1140 1270 mihi
1171 1243 1358 1283 cumque,
1390 1230 1515 1280 salve,

692 1301 768 1340 rite
799 1301 963 1340 vocanti
995 1298 1041 1339 C.
1070 1303 1104 1350 1,
1127 1301 1192 1350 32,
1218 1302 1281 1350 14,

294 1383 385 1409 cum
422 1369 561 1409 eadem
597 1371 659 1410 bis
694 1376 865 1423 poneret
899 1385 981 1409 non
1013 1371 1098 1410 sine
1129 1370 1266 1410 subtili
1297 1371 1384 1409 soni
1415 1384 1510 1409 cura
1538 1371 1732 1409 introrsus
1764 1377 1912 1423 turpem
1943 1368 2016 1409 sed
2044 1371 2256 1409 introrsum

293 1441 418 1492 turpio
448 1439 646 1492 posuisse.

479 1522 519 1549 v.
579 1510 629 1550 In
666 1510 791 1551 satira
824 1511 954 1563 prima
988 1510 1078 1550 libri
1113 1510 1231 1563 primi
1266 1523 1408 1550 versus
1444 1510 1512 1562 qui
1551 1515 1645 1550 sunt
1680 1524 1807 1562 paene
1845 1509 2013 1550 extremi
2046 1508 2253 1562 Hauptius

289 1593 380 1618 cum
416 1579 590 1631 primum
620 1579 781 1619 Horatii
817 1579 996 1619 carmina
1033 1593 1056 1619 a
1094 1593 1137 1619 se
1172 1579 1381 1632 recognita
1416 1578 1544 1619 edidit
1579 1593 1612 1619 a.
1637 1589 1829 1619 MDCCCLI
1866 1578 1918 1619 ad
1952 1578 2060 1618 hunc
2090 1578 2254 1618 modum

290 1647 515 1688 adornavit.

687 1718 783 1757 illuc
813 1718 920 1757 unde
950 1718 1029 1757 abii
1061 1718 1196 1767 redeo,
1228 1719 1295 1770 qui
1324 1733 1457 1768 nemo,
1487 1724 1533 1758 ut
1562 1733 1722 1768 avarus,

686 1801 729 1827 se
758 1787 905 1840 probet
935 1800 983 1826 ac
1012 1787 1149 1840 potius
1179 1787 1318 1827 laudet
1348 1786 1511 1827 diversa
1542 1793 1772 1839 sequentes,

550 1858 627 1896 110
686 1856 876 1908 quodque
908 1857 1039 1896 aliena
1068 1857 1223 1910 capella
1253 1863 1368 1909 gerat
1398 1857 1615 1897 distentius
1645 1858 1758 1906 uber,

681 1927 880 1976 tabescat,
911 1941 1041 1978 neque
1073 1941 1115 1967 se
1147 1928 1287 1966 maiori
1318 1927 1603 1979 pauperiorum

682 1996 823 2036 turbae
855 2000 1073 2049 comparet,
1103 1995 1211 2036 hunc
1243 2001 1365 2048 atque
1397 1996 1505 2036 hunc
1536 2009 1725 2049 superare
1757 1996 1927 2046 laboret,

682 2066 740 2105 sic
769 2066 975 2106 festinanti
1007 2080 1166 2118 semper
1196 2066 1437 2119 locupletior
1467 2066 1616 2116 obstet,

682 2141 741 2185 ut,
773 2148 863 2175 cum
895 2135 1126 2175 carceribus
1158 2135 1303 2175 missos
1334 2136 1439 2187 rapit
1468 2135 1620 2187 ungula
1650 2149 1804 2185 currus,

545 2206 623 2242 115
681 2205 807 2243 instat
838 2206 952 2255 equis
984 2206 1125 2256 auriga
1156 2219 1250 2244 suos
1282 2206 1552 2253 vincentibus,
1580 2205 1692 2243 illum

680 2274 942 2325 praeteritum
973 2279 1158 2313 temnens
1189 2279 1391 2312 extremos
1422 2274 1524 2312 inter
1554 2279 1728 2312 euntem.

282 2342 376 2393 Qua
410 2343 451 2381 in
487 2357 530 2382 re
568 2357 670 2394 quas
706 2343 885 2383 rationes
921 2349 1086 2383 secutus
1123 2344 1188 2393 sit,
1224 2357 1330 2382 nunc
1367 2358 1416 2382 ex
1446 2341 1543 2382 Chr.
1566 2341 1729 2395 Belgeri
1764 2343 1867 2383 libro
1896 2343 2067 2396 intelligi
2095 2348 2246 2396 potest,

281 2426 361 2464 quo
392 2411 426 2452 is
456 2427 490 2451 a.
514 2422 804 2452 MDCCCLXXIX
833 2412 1002 2465 Hauptii
1033 2412 1224 2452 virtutem
1257 2411 1528 2452 academicam
1559 2412 1700 2451 merita
1730 2412 1848 2452 laude
1880 2418 2122 2466 prosecutus
2154 2426 2246 2453 cum

280 2481 358 2520 alia
386 2481 583 2521 nonnulla
614 2495 664 2521 ex
694 2481 779 2521 eius
809 2481 1051 2522 lectionibus
1083 2482 1329 2522 academicis
1359 2486 1444 2520 tum
1475 2481 1617 2520 horum
1640 2496 1828 2522 versuum
1854 2482 2148 2522 enarrationem
2169 2483 2245 2522 cri-

277 2552 399 2589 ticam
426 2552 580 2603 publici
606 2552 703 2590 iuris
724 2552 834 2590 fecit.
880 2552 944 2590 Ibi
966 2566 1068 2603 quae
1090 2552 1140 2591 de
1162 2553 1225 2591 his
1246 2552 1432 2591 versibus
1454 2551 1659 2603 Hauptius
1680 2551 1909 2604 disputasse
1930 2559 2128 2602 narratur,
2157 2553 2242 2604 ple-

277 2635 403 2672 raque
429 2621 546 2662 nobis
576 2621 813 2674 probantur,
842 2636 966 2661 unum
998 2627 1060 2661 est
1090 2620 1139 2661 de
1171 2636 1252 2673 quo
1279 2620 1463 2661 videmus
1494 2620 1641 2673 ambigi
1672 2635 1804 2673 posse.
1855 2622 2016 2662 Etenim
2037 2621 2244 2675 Hauptius

277 2697 443 2743 recepta
472 2691 737 2731 vetustissimi
767 2691 919 2731 codicis
944 2691 1150 2730 Blandinii
1181 2692 1385 2743 scriptura
1415 2692 1486 2743 qui
1513 2705 1618 2731 nemo
1649 2697 1688 2730 et
1718 2706 1879 2732 versum
1908 2691 2081 2745 probum
2112 2690 2244 2732 effecit

278 2764 318 2799 et
348 2761 591 2800 sententiam
620 2761 878 2814 recuperavit
907 2766 1051 2813 poetae
1082 2761 1261 2800 consiliis
1292 2760 1455 2814 egregie
1486 2760 1804 2800 convenientem.
1853 2760 1935 2811 Qui
1964 2761 2014 2801 ab
2046 2775 2093 2800 eo
2124 2775 2241 2801 orsus

275 2834 322 2869 ut.
351 2828 666 2870 admirabundus
696 2835 923 2883 quaereret,
953 2830 1021 2881 qui
1051 2843 1170 2869 nemo
1202 2844 1273 2870 sua
1304 2836 1413 2869 sorte
1444 2835 1656 2869 contentus
1677 2831 1831 2869 viveret
1857 2829 1929 2869 sed
1950 2843 2088 2869 omnes
2110 2830 2242 2869 aliena

273 2900 412 2952 potius
448 2900 679 2950 laudarent,
719 2914 809 2940 cum
846 2901 887 2938 in
926 2906 1104 2939 extrema
1139 2901 1264 2940 satira
1298 2900 1569 2939 intermissam
1605 2901 1881 2951 quaestionem
1916 2906 2136 2953 repeteret,
2172 2899 2240 2938 vix

273 2970 431 3022 aptiore
460 2969 522 3008 uti
553 2970 735 3009 oratione
765 2969 899 3021 potuit
929 2983 1049 3019 quam
1079 2983 1182 3020 quae
1213 2984 1263 3008 ex
1284 2969 1353 3008 illa
1374 2969 1573 3021 scriptura
1594 2970 1785 3019 nascitur,
1817 2984 1919 3020 quae
1942 2970 2090 3021 etipsa
2108 2969 2240 3007 forma

271 3039 423 3091 legenti
453 3040 611 3080 initium
643 3040 791 3079 satirae
821 3039 860 3078 iu
891 3039 1123 3080 memoriam
1153 3045 1316 3080 revocet
