2525 3497
1222 191 1282 236 20

650 316 747 358 illuc
778 315 886 357 unde
918 315 998 357 abii
1028 315 1163 368 redeo,
1195 315 1265 370 qui
1293 329 1425 367 nemo,
1452 319 1500 355 ut
1530 328 1689 365 avarus,

652 402 694 429 se
724 387 872 440 probet
900 400 948 427 ac
977 388 1117 440 potius
1147 386 1288 427 laudet
1316 386 1475 426 diversa
1506 391 1734 437 sequentes,

518 459 596 497 110
655 457 845 508 quodque
877 457 1008 496 aliena
1039 457 1194 509 capella
1224 462 1337 508 gerat
1369 456 1585 495 distentius
1615 456 1729 504 uber,

653 527 852 576 tabescat,
882 541 1013 578 neque
1045 541 1086 567 se
1116 526 1259 567 maiori
1289 524 1576 578 pauperiorum

652 596 794 637 turbae
826 601 1049 649 comparet,
1079 596 1188 636 hunc
1218 601 1336 649 atque
1367 594 1475 635 hunc
1505 608 1695 648 superare
1724 593 1880 635 laboret

656 665 735 718 (sic
763 665 971 706 festinanti
1001 679 1159 719 semper
1188 664 1426 718 locupletior
1455 664 1624 718 obstat),

656 739 714 785 ut,
745 748 838 774 cum
869 735 1099 774 carceribus
1131 735 1277 774 missos
1307 734 1413 786 rapit
1441 733 1595 786 ungula
1625 746 1780 783 currus,

523 805 599 843 115
660 805 785 843 instat
814 805 929 856 equis
961 804 1104 856 auriga
1135 817 1230 843 suos
1260 803 1513 843 vincentibus
1545 827 1594 833 ——-

277 873 342 914 De
373 873 583 914 interiecta
614 873 814 915 sententia
845 873 1015 913 conferri
1044 878 1182 926 potest
1212 872 1322 926 quod
1351 872 1548 912 Horatius
1578 871 1716 912 scribit
1746 871 1832 914 Sat.
1860 873 1895 923 1,
1919 873 1957 922 6,
1979 872 2029 911 57

659 949 705 983 ut
733 944 825 983 veni
858 956 1007 994 coram,
1039 942 1246 996 singultim
1276 955 1409 996 pauca
1436 943 1597 982 locutus

662 1014 814 1065 (infans
844 1027 1017 1065 namque
1047 1012 1182 1065 pudor
1210 1013 1456 1064 prohibebat
1485 1014 1603 1066 plura
1631 1013 1801 1066 profari)

658 1097 741 1123 non
772 1097 849 1135 ego
880 1097 943 1122 me
975 1082 1084 1122 claro
1117 1088 1256 1123 natum
1286 1088 1401 1136 patre
1434 1108 1483 1114 —

658 1152 730 1192 sed
761 1152 870 1204 quod
902 1166 1011 1191 eram
1041 1165 1175 1191 narro.

276 1223 384 1262 Nam
415 1227 556 1261 nostro
588 1235 750 1274 quoque
780 1222 871 1260 loco
902 1221 999 1260 addi
1030 1221 1229 1279 particula
1259 1222 1432 1261 causalis
1462 1223 1614 1275 potuit:
1644 1220 1766 1261 ‘hunc
1788 1226 1908 1273 atque
1930 1221 2036 1260 hunc
2057 1234 2247 1273 superare

276 1293 447 1341 laborat,
478 1306 571 1330 nam
602 1291 660 1330 sic
690 1290 896 1330 festinanti
928 1305 1086 1342 semper
1116 1291 1355 1343 locupletior
1385 1290 1543 1331 obstat.'
1586 1291 1731 1342 Neque
1757 1290 1950 1330 inutiliter
1970 1290 2069 1329 haec
2090 1290 2249 1330 adiecta

280 1367 393 1402 sunt:
426 1375 517 1400 cum
549 1360 653 1399 enim
683 1360 789 1399 inter
820 1374 861 1399 se
893 1365 1153 1413 opponantur
1182 1374 1302 1413 neque
1331 1374 1369 1399 se
1398 1362 1543 1400 maiori
1561 1362 1847 1414 pauperiorum
1877 1359 2012 1399 turbae
2040 1367 2246 1413 comparet,

279 1433 381 1470 hunc
410 1438 527 1484 atque
557 1431 658 1469 hunc
687 1443 873 1483 superare
904 1430 1068 1479 laboret,
1108 1429 1333 1469 claudicare
1366 1431 1660 1470 contrariorum
1690 1431 1793 1469 ratio
1823 1429 2001 1479 videtur,
2038 1443 2139 1481 quae
2168 1428 2249 1469 hoc

279 1500 449 1553 requirit
482 1497 580 1539 ‘non
609 1499 920 1553 pauperioribus
953 1513 994 1539 se
1026 1504 1250 1552 comparat,
1287 1499 1358 1540 sed
1389 1499 1495 1540 hunc
1525 1505 1647 1552 atque
1678 1499 1786 1539 hunc
1816 1499 1885 1551 qui
1915 1497 2156 1552 locupletior
2185 1503 2247 1539 est

281 1584 472 1622 superare
513 1567 673 1609 studet?
731 1567 840 1609 Scite
880 1568 1005 1621 igitur
1041 1574 1163 1620 poeta
1197 1569 1436 1622 interposito
1476 1569 1684 1609 enuntiato
1721 1568 1800 1608 hoc
1837 1581 1997 1620 quoque
2036 1573 2245 1608 assecutus

281 1645 343 1678 est
372 1645 417 1677 ut
447 1639 524 1677 hac
561 1643 676 1691 parte
714 1639 900 1690 superior
938 1639 1136 1676 sententia
1174 1639 1440 1690 suppleretur.
1500 1639 1565 1677 De
1601 1639 1902 1691 comparatione
1933 1651 1956 1675 a
1991 1637 2176 1676 curribus
2207 1643 2246 1675 et

283 1708 426 1759 spatiis
457 1708 594 1756 ducta,
625 1707 735 1757 quod
764 1721 891 1757 genus
922 1707 1054 1757 poetis
1076 1706 1269 1746 Romanis
1298 1707 1391 1746 inde
1418 1723 1441 1746 a
1463 1707 1514 1756 Q.
1537 1708 1669 1747 Ennio
1700 1708 1741 1745 in
1767 1707 1920 1746 deliciis
1946 1707 2035 1755 fuit,
2064 1707 2246 1745 nonnulli

283 1776 359 1816 viri
390 1775 499 1816 docti
528 1775 585 1815 ita
614 1774 856 1825 iudicarunt,
886 1779 930 1814 ut
961 1774 1056 1826 quia
1086 1774 1127 1814 hi
1158 1781 1252 1815 sunt
1282 1775 1391 1828 apud
1412 1775 1640 1829 Vergilium
1668 1788 1805 1816 versus
1836 1775 1896 1827 (in
1917 1779 2095 1815 extremo
2116 1774 2245 1828 primo

285 1845 525 1899 georgicon)

664 1914 760 1952 hinc
789 1920 926 1952 movet
953 1914 1203 1965 Euphrates,
1232 1915 1342 1953 illinc
1375 1914 1594 1954 Germania
1622 1915 1785 1963 bellum,

526 1984 606 2022 510
663 1983 819 2022 vicinae
850 1983 979 2034 ruptis
1011 1984 1115 2022 inter
1145 1998 1186 2023 se
1217 1984 1375 2036 legibus
1405 1985 1527 2024 urbes

666 2067 776 2092 arma
804 2052 947 2103 ferunt,
979 2051 1108 2093 saevit
1136 2056 1222 2092 toto
1254 2051 1367 2093 Mars
1398 2052 1543 2106 impius
1574 2053 1688 2103 orbe3

665 2127 724 2171 ut,
754 2135 845 2161 cum
877 2121 1106 2162 carceribus
1138 2135 1224 2162 sese
1255 2121 1429 2162 effudere
1460 2122 1695 2176 quadrigae,

668 2190 823 2230 addunt
851 2191 892 2230 in
924 2191 1057 2243 spatia
1086 2195 1126 2230 et
1154 2191 1304 2230 frustra
1333 2192 1556 2231 retinacula
1584 2191 1752 2231 tendens

668 2261 794 2299 fertur
823 2261 938 2312 equis
969 2261 1110 2313 auriga
1139 2274 1269 2311 neque
1301 2260 1413 2300 audit
1442 2275 1583 2301 currus
1612 2261 1790 2301 habenas

287 2331 508 2369 Horatium
547 2331 596 2370 ab
632 2330 776 2369 horum
814 2344 1001 2370 versuum
1036 2330 1259 2370 imitatione
1295 2330 1469 2382 pendere
1505 2331 1733 2371 existiment
1767 2330 1944 2382 editique
1989 2330 2038 2369 ab
2074 2329 2247 2369 Horatio

289 2400 502 2440 satirarum
541 2399 632 2438 libri
670 2406 852 2452 tempora
888 2399 937 2439 ab
972 2399 1050 2439 hoc
1088 2400 1259 2440 termino
1297 2399 1510 2440 deducant.
1570 2400 1658 2440 Nos
1696 2405 1735 2439 et
1770 2398 1820 2439 de
1855 2398 1932 2439 hac
1967 2404 2006 2438 et
2043 2398 2248 2439 nonnullis

291 2469 378 2509 aliis
411 2483 510 2522 quas
543 2467 712 2509 credunt
741 2468 1032 2510 imitationibus
1056 2468 1296 2510 Horatianis
1327 2468 1440 2509 aliter
1470 2469 1676 2519 sentimus,
1708 2468 1757 2509 de
1789 2483 1868 2521 qua
1896 2482 1938 2508 re
1967 2473 2054 2508 tum
2084 2481 2250 2508 accura-

289 2539 369 2578 tius
406 2538 606 2588 dicemus,
642 2551 732 2577 cum
770 2539 1047 2589 quaestionem
1083 2552 1186 2590 quae
1216 2543 1278 2577 est
1309 2538 1357 2577 de
1388 2538 1505 2578 editis
1536 2539 1585 2578 ab
1616 2538 1789 2578 Horatio
1821 2538 2032 2577 satirarum
2062 2537 2175 2576 libris
2205 2542 2251 2576 ut

291 2612 451 2660 oportet
481 2622 503 2646 a
533 2607 663 2660 capite
693 2613 932 2659 repetemus.

483 2695 570 2736 Scr.
602 2710 654 2736 m.
676 2695 899 2737 Novembri
929 2711 963 2737 a.
985 2694 1415 2737 MDCCCLXXXV.
