2525 3497
1217 201 1242 244 6

255 342 383 379 eoque
419 327 582 366 nomine
618 326 892 366 Buechelerus
923 325 1181 378 (Coniectan.
1214 341 1248 367 a.
1271 339 1590 368 MDCCCLxxvm
1621 343 1659 380 p.
1685 328 1755 379 18)
1791 327 1932 367 melius
1969 333 2009 367 et
2044 326 2216 367 orationi

254 397 354 438 satis
389 397 504 447 fecit,
541 410 633 436 cum
670 395 721 436 ad
751 392 867 435 'illam
898 395 1256 450 interrogationem
1286 396 1364 436 hoc
1395 394 1630 449 responderi
1660 410 1732 448 par
1760 395 1885 436 fuisse
1916 395 2055 436 scribit
2082 393 2217 436 ‘nemo

254 467 357 506 haec
396 466 518 520 digne
553 466 779 519 scripserit,
815 479 864 504 ne
894 465 1100 505 Homerus
1136 465 1300 517 quidem
1335 465 1511 517 optimus
1547 465 1699 504 heroici
1735 466 1924 505 carminis
1953 470 2108 515 auctor,
2145 480 2216 504 ne-

253 537 349 576 dum
375 537 524 575 Varius
565 536 640 575 etsi
666 534 774 584 forte
804 549 892 587 epos
922 550 1011 574 acer
1040 543 1086 574 ut
1113 550 1222 575 nemo
1252 537 1377 584 ducit,
1417 535 1577 574 minime
1613 549 1689 587 ego
1721 534 1789 586 qui
1819 549 1869 574 ne
1896 534 2022 574 Vario
2054 534 2217 587 quidem

255 605 447 646 aemulari
482 603 663 657 possim',
703 609 743 643 et
783 604 940 654 sensui,
980 605 1012 644 si
1050 604 1211 656 quidem
1250 618 1405 644 summa
1440 603 1638 643 sententia
1671 603 1777 644 inest
1804 603 1846 643 in
1877 617 1925 644 eo
1956 603 2066 656 quod
2095 604 2216 644 tertio

253 675 344 714 loco
378 674 506 727 ponit.
567 673 625 712 At
660 673 747 726 ipse
783 687 913 726 paene
950 674 1040 726 plus
1071 673 1247 713 tribuere
1277 673 1444 712 Homeri
1478 673 1763 725 vituperationi
1793 672 1973 722 videtur,
2009 678 2054 712 ut
2083 672 2217 712 Hora-

252 743 331 782 tius
354 738 563 794 Διομήδους
590 739 769 793 ἀριστείαν
798 757 849 782 ne
880 743 956 782 sibi
986 742 1148 794 quidem
1179 743 1228 782 ab
1259 743 1366 781 omni
1396 747 1507 794 parte
1539 742 1701 794 probari
1731 742 1925 795 exemplis
1954 742 2047 781 inde
2077 742 2216 794 petitis

253 818 294 852 et
324 827 397 852 suo
428 812 551 852 modo
582 812 734 852 ornatis
765 812 975 864 significet.
1031 812 1184 852 Verum
1214 812 1410 852 Horatius
1441 825 1571 863 neque
1601 811 1823 851 Homerum
1854 816 1923 851 aut
1952 811 2060 850 illam
2087 808 2218 863 ῥαψῳ-

253 881 328 921 δίαν
364 881 662 934 reprehendere
699 896 832 933 neque
869 881 919 920 de
949 881 1062 921 Varii
1100 881 1287 922 laudibus
1327 881 1537 921 detrahere
1575 881 1722 931 voluit,
1767 881 1878 933 quod
1912 886 2125 933 utrumque
2165 882 2214 922 ab

252 952 373 992 huius
406 951 594 991 carminis
625 951 793 991 consilio
826 951 1030 1001 abhorret,
1061 951 1134 991 sed
1164 952 1352 1004 quoniam
1384 965 1426 991 se
1456 950 1562 990 nolle
1592 949 1694 990 dixit
1719 949 1910 991 Caesaris
1941 956 1981 990 et
2007 951 2216 1004 Agrippae

253 1022 397 1060 laudes
429 1022 548 1072 culpa
578 1021 727 1072 ingenii
758 1020 954 1068 deterere,
985 1020 1090 1060 hanc
1120 1022 1182 1061 sui
1211 1022 1450 1061 tenuitatem
1480 1021 1632 1074 ingenii
1660 1021 1804 1061 fortius
1835 1020 2047 1060 confirmat
2076 1026 2217 1075 utpote

250 1092 445 1144 imparem
475 1091 624 1131 talibus
654 1088 926 1130 memorandis
956 1089 1077 1130 rebus
1107 1090 1263 1131 bellicis
1294 1089 1433 1142 quales
1464 1095 1560 1130 nota
1591 1094 1631 1130 et
1660 1089 1711 1130 ob
1742 1088 1847 1130 hanc
1875 1102 1959 1130 rem
1990 1091 2118 1132 solam
2145 1091 2215 1133 de-

249 1166 442 1214 prompta
462 1160 680 1199 Homerica
710 1159 895 1211 exempla
925 1166 1244 1212 repraesentant.
1291 1161 1403 1213 Ergo
1434 1160 1524 1212 plus
1555 1160 1655 1198 dixit
1677 1160 1812 1199 verbis
1844 1175 1964 1212 quam
1994 1162 2211 1216 cogitando

250 1230 426 1283 intelligi
462 1230 607 1268 voluit:
648 1229 798 1281 quippe
834 1229 1020 1268 universe
1056 1243 1146 1267 cum
1183 1231 1407 1283 interrogat
1442 1228 1541 1281 ‘quis
1572 1229 1692 1281 digne
1723 1229 1942 1281 scripserit’
1975 1231 2053 1270 hoc
2089 1233 2212 1271 sentit

247 1297 329 1349 ‘qui
360 1298 481 1350 digne
512 1298 743 1349 scripserim
778 1297 874 1349 eg0'3
905 1312 1037 1349 neque
1069 1299 1173 1337 enim
1204 1299 1447 1351 corrigendo
1477 1313 1550 1338 nos
1582 1298 1685 1337 hanc
1716 1299 1958 1339 sententiam
1984 1301 2100 1340 reddi
2120 1316 2210 1341 ver-

250 1368 312 1407 bis
344 1367 546 1416 iubemus,
577 1382 716 1406 verum
747 1366 807 1406 sic
836 1373 1045 1418 putamus,
1076 1367 1265 1406 universa
1294 1366 1509 1420 negatione
1540 1381 1641 1418 quae
1673 1372 1733 1406 est
1762 1367 1802 1406 in
1832 1367 1901 1408 illo
1931 1368 2209 1423 interrogandi

251 1435 372 1477 modo
404 1436 567 1490 gravius
599 1436 720 1475 etiam
750 1435 842 1485 hoc,
873 1435 982 1487 quod
1012 1435 1062 1475 de
1093 1450 1137 1476 se
1168 1450 1250 1476 uno
1271 1435 1467 1476 Horatius
1491 1436 1623 1475 valere
1645 1436 1785 1487 voluit,
1815 1436 2061 1491 denegaris)
2105 1438 2209 1479 Ver-

250 1506 369 1560 gilius
401 1520 491 1546 cum
523 1505 662 1545 scribit
692 1505 764 1545 ecl.
794 1507 841 1545 10

642 1589 774 1628 pauca
804 1590 890 1616 meo
924 1575 1043 1616 Gallo
1075 1576 1147 1617 sed
1178 1591 1281 1629 quae
1312 1578 1420 1630 legat
1450 1577 1537 1629 ipsa
1565 1576 1739 1629 Lycoris

644 1645 819 1684 carmina
849 1650 943 1685 sunt
973 1645 1162 1685 dicenda:
1194 1652 1319 1700 neget
1348 1647 1436 1698 quis
1467 1646 1645 1686 carmina
1676 1645 1824 1686 Gallo?

248 1715 429 1757 severius
467 1715 695 1756 aestimanti
732 1715 823 1769 plus
859 1715 1058 1756 affirmare
1095 1715 1298 1757 videbitur
1333 1730 1453 1769 quam
1489 1720 1693 1769 praestare
1728 1716 1878 1771 potuit3
1920 1722 1961 1757 et
1996 1717 2205 1773 Antigona

246 1786 431 1838 Polynici
462 1786 615 1824 vetanti
644 1783 699 1836 μή
726 1783 787 1823 τοί
810 1784 850 1836 μ’
869 1784 994 1835 ὀδύρου
1024 1787 1277 1838 respondens
1308 1785 1366 1825 καὶ
1395 1784 1445 1833 τίς
1475 1781 1513 1824 ἅν
1543 1785 1580 1824 cr'
1599 1784 1791 1838 ὁρμώμενον
1821 1788 1852 1834 ἐς
1882 1780 2058 1835 προῦπτον
2076 1782 2206 1839 ΓἈιδην

248 1853 288 1894 ου’
316 1854 539 1900 καταστένοι,
569 1853 675 1902 κα’σι;
711 1853 789 1894 hoc
825 1854 935 1905 quod
971 1855 1172 1895 sentiebat
1207 1869 1250 1895 sc
1286 1869 1365 1894 non
1402 1869 1523 1908 posse
1553 1869 1632 1894 non
1663 1854 1874 1908 deplorare
1903 1856 2085 1907 fratrem,
2123 1857 2203 1898 isto

247 1923 368 1965 modo
399 1924 563 1978 gravius
595 1923 672 1964 sibi
701 1923 788 1963 visa
818 1929 879 1963 est
909 1924 1144 1977 exprimere.
1202 1924 1389 1965 Tibullus
1421 1938 1581 1976 quoquc
1612 1938 1704 1965 cum
1733 1924 1830 1964 dicit
1861 1926 1918 1978 (2,
1942 1926 1984 1979 3)

640 1992 753 2032 Rura
781 2007 909 2032 meam
939 1993 1120 2034 Cornute
1151 2001 1292 2034 tenent
1323 1995 1520 2045 villaeque
1550 1995 1741 2046 puellam:

701 2062 855 2102 ferreus
886 2068 958 2108 est,
990 2063 1068 2102 heu
1098 2063 1189 2112 heu,
1220 2064 1404 2115 quisquis
1436 2064 1476 2102 in
1505 2063 1605 2102 urbe
1634 2069 1781 2113 manet,

242 2134 284 2174 in
320 2133 503 2174 oratione
539 2133 572 2173 si
608 2138 715 2173 recte
750 2132 1012 2187 intelligimus
1047 2134 1137 2186 plus
1173 2139 1235 2173 est
1265 2147 1387 2185 quam
1418 2133 1457 2173 in
1489 2133 1709 2184 sententia,
1748 2134 1905 2175 etiamsi
1936 2149 2017 2175 non
2045 2150 2206 2189 premas

242 2204 418 2256 quisquis
454 2216 695 2255 pronomen,
733 2202 842 2254 quod
877 2216 998 2255 saepe
1032 2203 1116 2242 abit
1150 2203 1189 2241 in
1225 2203 1305 2242 vim
1341 2203 1531 2255 simplicis
1567 2203 1740 2253 relativi,
1779 2205 1891 2243 velut
1926 2205 2036 2257 apud
2070 2206 2204 2245 Hora-

241 2273 341 2312 tium
372 2270 419 2312 C.
444 2273 482 2322 3,
505 2274 571 2322 24,
594 2273 659 2322 25,
688 2272 758 2311 ubi
788 2286 868 2311 non
899 2278 1008 2311 recte
1038 2272 1192 2312 iudicat
1212 2273 1421 2311 Bentleius
1452 2273 1662 2311 immemor
1691 2287 1828 2312 eorum
1859 2288 1962 2325 quae
1993 2272 2039 2313 C.
2065 2275 2103 2324 4,
2121 2276 2197 2325 2,1

240 2343 441 2396 leguntur.
495 2341 648 2392 Quidni
677 2342 801 2395 igitur
825 2342 998 2383 Horatio
1030 2341 1303 2393 concedimus,
1332 2342 1373 2383 in
1405 2342 1605 2383 sententia
1634 2341 1741 2383 haud
1773 2343 1945 2384 obscura
1975 2343 2027 2385 ad
2058 2345 2200 2385 carmi-

428 2557 464 2601 ')
504 2556 570 2592 Vis
598 2556 894 2603 interrogationis
923 2556 1114 2603 dispicitur
1142 2557 1250 2591 etiam
1279 2568 1325 2592 ex
1355 2557 1411 2591 bis
1440 2568 1534 2603 quae
1553 2556 1738 2603 Vergilius
1767 2557 1932 2592 Aeneam
1959 2557 2048 2593 facit
2075 2557 2197 2594 dicen-

240 2626 310 2654 tem
341 2619 393 2665 (2,
416 2620 508 2665 361)

734 2672 815 2718 quis
843 2672 983 2707 cladem
1012 2672 1111 2707 illius
1140 2673 1269 2715 noctis,
1298 2673 1383 2719 quis
1411 2672 1541 2706 funera
1568 2671 1678 2706 fando

731 2735 892 2781 explicet
920 2742 981 2769 aut
1009 2736 1128 2782 possit
1156 2736 1315 2770 lacrimis
1345 2746 1501 2780 aequare
1530 2734 1699 2770 labores?

238 2802 299 2832 aut
326 2807 419 2842 quae
447 2797 549 2833 illum
578 2798 741 2833 imitatus
772 2798 887 2835 Silius
916 2798 1069 2833 Italicus
1098 2798 1227 2834 scribit
1255 2798 1308 2843 (5,
1329 2797 1421 2842 420)

729 2862 812 2907 quis
838 2861 939 2905 deus,
969 2874 990 2895 ο
1018 2873 1155 2904 musae,
1184 2861 1335 2908 paribus
1364 2866 1418 2895 tot
1445 2860 1572 2895 funera
1599 2861 1721 2896 verbis

729 2924 889 2968 evolvat,
919 2924 1102 2971 tantisque
1133 2924 1269 2959 umbris
1297 2924 1332 2958 in
1362 2923 1519 2959 carmine
1548 2923 1658 2971 digna

728 2988 811 3034 quis
840 2988 999 3023 lamenta
1026 2987 1145 3023 serat?

234 3050 296 3096 qui
324 3050 394 3086 hoc
422 3050 533 3086 modo
563 3061 602 3086 se
630 3062 742 3097 posse
769 3052 868 3098 quod
896 3062 1005 3098 posse
1034 3051 1185 3097 cupiunt
1213 3051 1407 3099 abnegant.
