<?xml version="1.0" encoding="UTF-8"?>
<!DOCTYPE html PUBLIC "-//W3C//DTD XHTML 1.0 Transitional//EN"
    "http://www.w3.org/TR/xhtml1/DTD/xhtml1-transitional.dtd">
<html xmlns="http://www.w3.org/1999/xhtml" xml:lang="en" lang="en">
 <head>
  <title>
</title>
<meta http-equiv="Content-Type" content="text/html;charset=utf-8" />
  <meta name='ocr-system' content='tesseract 3.04.00' />
  <meta name='ocr-capabilities' content='ocr_page ocr_carea ocr_par ocr_line ocrx_word'/>
</head>
<body>
  <div class='ocr_page' id='page_1' title='image "4769554_0025.png"; bbox 0 0 2525 3497; ppageno 0'>
   <div class='ocr_carea' id='block_1_1' title="bbox 1260 194 1315 239">
    <p class='ocr_par' dir='ltr' id='par_1_1' title="bbox 1260 194 1315 239">
     <span class='ocr_line' id='line_1_1' title="bbox 1260 194 1315 239; baseline -0.018 0"><span class='ocrx_word' id='word_1_1' title='bbox 1260 194 1315 239; x_wconf 81' lang='lat'>19</span> 
     </span>
    </p>
   </div>
   <div class='ocr_carea' id='block_1_2' title="bbox 283 319 2243 1072">
    <p class='ocr_par' dir='ltr' id='par_1_2' title="bbox 700 319 1806 371">
     <span class='ocr_line' id='line_1_2' title="bbox 700 319 1806 371; baseline 0.003 -13"><span class='ocrx_word' id='word_1_2' title='bbox 700 321 781 371; x_wconf 79' lang='lat' dir='ltr'>Qui</span> <span class='ocrx_word' id='word_1_3' title='bbox 812 320 871 368; x_wconf 85' lang='lat' dir='ltr'>fit,</span> <span class='ocrx_word' id='word_1_4' title='bbox 901 319 1134 369; x_wconf 74' lang='lat' dir='ltr'>Maecenas,</span> <span class='ocrx_word' id='word_1_5' title='bbox 1164 325 1211 358; x_wconf 88' lang='lat' dir='ltr'>ut</span> <span class='ocrx_word' id='word_1_6' title='bbox 1239 333 1371 369; x_wconf 88' lang='lat' dir='ltr'>nemo,</span> <span class='ocrx_word' id='word_1_7' title='bbox 1400 334 1520 371; x_wconf 87' lang='lat' dir='ltr'>quam</span> <span class='ocrx_word' id='word_1_8' title='bbox 1550 320 1626 360; x_wconf 91' lang='lat' dir='ltr'>sibi</span> <span class='ocrx_word' id='word_1_9' title='bbox 1655 325 1806 361; x_wconf 84' lang='lat' dir='ltr'>sortem</span> 
     </span>
    </p>

    <p class='ocr_par' dir='ltr' id='par_1_3' title="bbox 695 388 1632 440">
     <span class='ocr_line' id='line_1_3' title="bbox 695 388 1632 440; baseline -0.001 -10"><span class='ocrx_word' id='word_1_10' title='bbox 695 405 767 430; x_wconf 90' lang='lat' dir='ltr'>seu</span> <span class='ocrx_word' id='word_1_11' title='bbox 797 390 897 429; x_wconf 88' lang='lat' dir='ltr'>ratio</span> <span class='ocrx_word' id='word_1_12' title='bbox 927 389 1083 429; x_wconf 79' lang='lat' dir='ltr'><strong>dederit</strong></span> <span class='ocrx_word' id='word_1_13' title='bbox 1114 402 1186 429; x_wconf 88' lang='lat' dir='ltr'>seu</span> <span class='ocrx_word' id='word_1_14' title='bbox 1215 389 1298 429; x_wconf 90' lang='lat' dir='ltr'>fors</span> <span class='ocrx_word' id='word_1_15' title='bbox 1329 388 1533 440; x_wconf 86' lang='lat' dir='ltr'>obiecerit,</span> <span class='ocrx_word' id='word_1_16' title='bbox 1562 389 1632 430; x_wconf 88' lang='lat' dir='ltr'>illa</span> 
     </span>
    </p>

    <p class='ocr_par' dir='ltr' id='par_1_4' title="bbox 283 457 2243 1072">
     <span class='ocr_line' id='line_1_4' title="bbox 691 457 1684 512; baseline -0.002 -11"><span class='ocrx_word' id='word_1_17' title='bbox 691 463 906 501; x_wconf 88' lang='lat' dir='ltr'>contentus</span> <span class='ocrx_word' id='word_1_18' title='bbox 936 458 1059 511; x_wconf 82' lang='lat' dir='ltr'>vivat,</span> <span class='ocrx_word' id='word_1_19' title='bbox 1088 457 1224 499; x_wconf 90' lang='lat' dir='ltr'>laudet</span> <span class='ocrx_word' id='word_1_20' title='bbox 1253 457 1415 499; x_wconf 85' lang='lat' dir='ltr'>diversa</span> <span class='ocrx_word' id='word_1_21' title='bbox 1443 459 1684 512; x_wconf 80' lang='lat' dir='ltr'>sequentes?</span> 
     </span>
     <span class='ocr_line' id='line_1_5' title="bbox 292 530 2243 583; baseline -0.003 -9"><span class='ocrx_word' id='word_1_22' title='bbox 292 538 332 574; x_wconf 90' lang='lat' dir='ltr'>et</span> <span class='ocrx_word' id='word_1_23' title='bbox 362 533 529 574; x_wconf 87' lang='lat' dir='ltr'>eandem</span> <span class='ocrx_word' id='word_1_24' title='bbox 561 531 858 583; x_wconf 87' lang='lat' dir='ltr'>quaestionem,</span> <span class='ocrx_word' id='word_1_25' title='bbox 889 542 970 580; x_wconf 84' lang='lat' dir='ltr'>qua</span> <span class='ocrx_word' id='word_1_26' title='bbox 999 534 1280 581; x_wconf 82' lang='lat' dir='ltr'>argumentum</span> <span class='ocrx_word' id='word_1_27' title='bbox 1311 530 1457 568; x_wconf 87' lang='lat' dir='ltr'>satirae</span> <span class='ocrx_word' id='word_1_28' title='bbox 1488 530 1737 578; x_wconf 83' lang='lat' dir='ltr'>continetur,</span> <span class='ocrx_word' id='word_1_29' title='bbox 1768 530 1905 568; x_wconf 82' lang='lat' dir='ltr'>addita</span> <span class='ocrx_word' id='word_1_30' title='bbox 1935 545 2055 569; x_wconf 77' lang='lat' dir='ltr'>causa</span> <span class='ocrx_word' id='word_1_31' title='bbox 2086 531 2243 569; x_wconf 81' lang='lat' dir='ltr'>referat.</span> 
     </span>
     <span class='ocr_line' id='line_1_6' title="bbox 291 598 2243 653; baseline -0.002 -9"><span class='ocrx_word' id='word_1_32' title='bbox 291 603 395 644; x_wconf 90' lang='lat' dir='ltr'>Cum</span> <span class='ocrx_word' id='word_1_33' title='bbox 427 603 533 643; x_wconf 88' lang='lat' dir='ltr'>enim</span> <span class='ocrx_word' id='word_1_34' title='bbox 561 601 758 640; x_wconf 84' lang='lat' dir='ltr'>Horatius</span> <span class='ocrx_word' id='word_1_35' title='bbox 790 599 887 638; x_wconf 89' lang='lat' dir='ltr'>dicit</span> <span class='ocrx_word' id='word_1_36' title='bbox 917 602 987 651; x_wconf 71' lang='lat' dir='ltr'>qut</span> <span class='ocrx_word' id='word_1_37' title='bbox 1014 613 1139 648; x_wconf 82' lang='lat' dir='ltr'>nemo,</span> <span class='ocrx_word' id='word_1_38' title='bbox 1169 606 1214 638; x_wconf 81' lang='lat' dir='ltr'>ut</span> <span class='ocrx_word' id='word_1_39' title='bbox 1241 613 1404 648; x_wconf 70' lang='lat' dir='ltr'>avarus,</span> <span class='ocrx_word' id='word_1_40' title='bbox 1435 613 1474 637; x_wconf 73' lang='lat' dir='ltr'>se</span> <span class='ocrx_word' id='word_1_41' title='bbox 1496 598 1652 652; x_wconf 80' lang='lat' dir='ltr'>probet,</span> <span class='ocrx_word' id='word_1_42' title='bbox 1682 598 1720 637; x_wconf 93' lang='lat' dir='ltr'>h.</span> <span class='ocrx_word' id='word_1_43' title='bbox 1745 613 1777 638; x_wconf 91' lang='lat' dir='ltr'>e.</span> <span class='ocrx_word' id='word_1_44' title='bbox 1809 599 1990 652; x_wconf 88' lang='lat' dir='ltr'>Hauptio</span> <span class='ocrx_word' id='word_1_45' title='bbox 2021 600 2243 653; x_wconf 81' lang='lat' dir='ltr'>interprete</span> 
     </span>
     <span class='ocr_line' id='line_1_7' title="bbox 287 668 2242 726; baseline -0.002 -13"><span class='ocrx_word' id='word_1_46' title='bbox 287 672 440 726; x_wconf 88' lang='lat' dir='ltr'>‘utpote</span> <span class='ocrx_word' id='word_1_47' title='bbox 470 668 636 719; x_wconf 87' lang='lat' dir='ltr'>avarus’,</span> <span class='ocrx_word' id='word_1_48' title='bbox 671 669 712 707; x_wconf 92' lang='lat' dir='ltr'>id</span> <span class='ocrx_word' id='word_1_49' title='bbox 750 669 860 720; x_wconf 92' lang='lat' dir='ltr'>quod</span> <span class='ocrx_word' id='word_1_50' title='bbox 896 669 1060 708; x_wconf 84' lang='lat' dir='ltr'>edocuit</span> <span class='ocrx_word' id='word_1_51' title='bbox 1094 674 1187 708; x_wconf 86' lang='lat' dir='ltr'>ante</span> <span class='ocrx_word' id='word_1_52' title='bbox 1222 668 1394 720; x_wconf 81' lang='lat' dir='ltr'>intelligi</span> <span class='ocrx_word' id='word_1_53' title='bbox 1423 668 1571 718; x_wconf 84' lang='lat' dir='ltr'>voluit,</span> <span class='ocrx_word' id='word_1_54' title='bbox 1606 669 1808 708; x_wconf 90' lang='lat' dir='ltr'>communi</span> <span class='ocrx_word' id='word_1_55' title='bbox 1837 670 2043 709; x_wconf 91' lang='lat' dir='ltr'>hominum</span> <span class='ocrx_word' id='word_1_56' title='bbox 2075 670 2242 709; x_wconf 80' lang='lat' dir='ltr'>avaritia</span> 
     </span>
     <span class='ocr_line' id='line_1_8' title="bbox 286 737 2238 792; baseline -0.002 -9"><span class='ocrx_word' id='word_1_57' title='bbox 286 743 391 792; x_wconf 88' lang='lat' dir='ltr'>fieri,</span> <span class='ocrx_word' id='word_1_58' title='bbox 427 747 472 781; x_wconf 90' lang='lat' dir='ltr'>ut</span> <span class='ocrx_word' id='word_1_59' title='bbox 503 754 615 780; x_wconf 86' lang='lat' dir='ltr'>suam</span> <span class='ocrx_word' id='word_1_60' title='bbox 651 744 800 779; x_wconf 87' lang='lat' dir='ltr'>sortem</span> <span class='ocrx_word' id='word_1_61' title='bbox 836 752 954 778; x_wconf 85' lang='lat' dir='ltr'>nemo</span> <span class='ocrx_word' id='word_1_62' title='bbox 991 738 1157 791; x_wconf 84' lang='lat' dir='ltr'>probet,</span> <span class='ocrx_word' id='word_1_63' title='bbox 1193 752 1333 779; x_wconf 88' lang='lat' dir='ltr'>omnes</span> <span class='ocrx_word' id='word_1_64' title='bbox 1364 743 1558 791; x_wconf 88' lang='lat' dir='ltr'>appetant</span> <span class='ocrx_word' id='word_1_65' title='bbox 1587 738 1768 778; x_wconf 89' lang='lat' dir='ltr'>alienam.</span> <span class='ocrx_word' id='word_1_66' title='bbox 1831 737 1946 790; x_wconf 81' lang='lat' dir='ltr'>Quae</span> <span class='ocrx_word' id='word_1_67' title='bbox 1977 740 2098 780; x_wconf 84' lang='lat' dir='ltr'>verba</span> <span class='ocrx_word' id='word_1_68' title='bbox 2129 739 2238 792; x_wconf 89' lang='lat' dir='ltr'>quod</span> 
     </span>
     <span class='ocr_line' id='line_1_9' title="bbox 284 805 2235 863; baseline -0.002 -11"><span class='ocrx_word' id='word_1_69' title='bbox 284 813 325 853; x_wconf 93' lang='lat' dir='ltr'>in</span> <span class='ocrx_word' id='word_1_70' title='bbox 355 810 544 863; x_wconf 87' lang='lat' dir='ltr'>negativa</span> <span class='ocrx_word' id='word_1_71' title='bbox 572 813 687 862; x_wconf 85' lang='lat' dir='ltr'>parte</span> <span class='ocrx_word' id='word_1_72' title='bbox 718 808 941 849; x_wconf 83' lang='lat' dir='ltr'>sententiae</span> <span class='ocrx_word' id='word_1_73' title='bbox 971 808 1105 861; x_wconf 86' lang='lat' dir='ltr'>posita</span> <span class='ocrx_word' id='word_1_74' title='bbox 1135 813 1229 848; x_wconf 90' lang='lat' dir='ltr'>sunt</span> <span class='ocrx_word' id='word_1_75' title='bbox 1261 805 1361 860; x_wconf 70' lang='lat' dir='ltr'>(‘qui</span> <span class='ocrx_word' id='word_1_76' title='bbox 1391 822 1509 848; x_wconf 91' lang='lat' dir='ltr'>nemo</span> <span class='ocrx_word' id='word_1_77' title='bbox 1539 813 1680 861; x_wconf 88' lang='lat' dir='ltr'>utpote</span> <span class='ocrx_word' id='word_1_78' title='bbox 1703 822 1848 848; x_wconf 86' lang='lat' dir='ltr'>avarus</span> <span class='ocrx_word' id='word_1_79' title='bbox 1871 822 1912 848; x_wconf 91' lang='lat' dir='ltr'>se</span> <span class='ocrx_word' id='word_1_80' title='bbox 1934 807 2125 861; x_wconf 83' lang='lat' dir='ltr'>probet&#39;),</span> <span class='ocrx_word' id='word_1_81' title='bbox 2155 824 2235 848; x_wconf 89' lang='lat' dir='ltr'>non</span> 
     </span>
     <span class='ocr_line' id='line_1_10' title="bbox 283 877 2235 934; baseline -0.002 -13"><span class='ocrx_word' id='word_1_82' title='bbox 283 879 545 934; x_wconf 79' lang='lat' dir='ltr'>vituperabit,</span> <span class='ocrx_word' id='word_1_83' title='bbox 580 879 648 930; x_wconf 92' lang='lat' dir='ltr'>qui</span> <span class='ocrx_word' id='word_1_84' title='bbox 678 877 797 918; x_wconf 90' lang='lat' dir='ltr'>huius</span> <span class='ocrx_word' id='word_1_85' title='bbox 828 883 1012 917; x_wconf 86' lang='lat' dir='ltr'>naturam</span> <span class='ocrx_word' id='word_1_86' title='bbox 1041 878 1268 930; x_wconf 82' lang='lat' dir='ltr'>negationis</span> <span class='ocrx_word' id='word_1_87' title='bbox 1301 883 1340 916; x_wconf 91' lang='lat' dir='ltr'>et</span> <span class='ocrx_word' id='word_1_88' title='bbox 1371 892 1489 929; x_wconf 89' lang='lat' dir='ltr'>quam</span> <span class='ocrx_word' id='word_1_89' title='bbox 1524 878 1625 915; x_wconf 91' lang='lat' dir='ltr'>nihil</span> <span class='ocrx_word' id='word_1_90' title='bbox 1660 878 1817 916; x_wconf 83' lang='lat' dir='ltr'>differat</span> <span class='ocrx_word' id='word_1_91' title='bbox 1846 892 1870 916; x_wconf 85' lang='lat' dir='ltr'>a</span> <span class='ocrx_word' id='word_1_92' title='bbox 1901 879 2100 917; x_wconf 75' lang='lat' dir='ltr'>contraria</span> <span class='ocrx_word' id='word_1_93' title='bbox 2130 880 2235 917; x_wconf 87' lang='lat' dir='ltr'>affir-</span> 
     </span>
     <span class='ocr_line' id='line_1_11' title="bbox 284 947 2233 1001; baseline -0.001 -11"><span class='ocrx_word' id='word_1_94' title='bbox 284 952 457 991; x_wconf 88' lang='lat' dir='ltr'>matione</span> <span class='ocrx_word' id='word_1_95' title='bbox 487 948 811 1001; x_wconf 75' lang='lat' dir='ltr'>perpenderit;*)</span> <span class='ocrx_word' id='word_1_96' title='bbox 841 962 943 986; x_wconf 90' lang='lat' dir='ltr'>neve</span> <span class='ocrx_word' id='word_1_97' title='bbox 974 948 1063 999; x_wconf 90' lang='lat' dir='ltr'>quis</span> <span class='ocrx_word' id='word_1_98' title='bbox 1091 947 1256 986; x_wconf 88' lang='lat' dir='ltr'>obiiciat</span> <span class='ocrx_word' id='word_1_99' title='bbox 1276 947 1344 987; x_wconf 88' lang='lat' dir='ltr'>illa</span> <span class='ocrx_word' id='word_1_100' title='bbox 1365 947 1586 988; x_wconf 86' lang='lat' dir='ltr'>sententiae</span> <span class='ocrx_word' id='word_1_101' title='bbox 1608 948 1924 987; x_wconf 86' lang='lat' dir='ltr'>conformatione</span> <span class='ocrx_word' id='word_1_102' title='bbox 1946 962 2107 988; x_wconf 84' lang='lat' dir='ltr'>causam</span> <span class='ocrx_word' id='word_1_103' title='bbox 2130 963 2233 1000; x_wconf 84' lang='lat' dir='ltr'>quae</span> 
     </span>
     <span class='ocr_line' id='line_1_12' title="bbox 283 1016 2231 1072; baseline -0.001 -13"><span class='ocrx_word' id='word_1_104' title='bbox 283 1026 499 1072; x_wconf 88' lang='lat' dir='ltr'>quaeratur</span> <span class='ocrx_word' id='word_1_105' title='bbox 528 1018 606 1069; x_wconf 90' lang='lat' dir='ltr'>ipsi</span> <span class='ocrx_word' id='word_1_106' title='bbox 638 1031 725 1056; x_wconf 90' lang='lat' dir='ltr'>esse</span> <span class='ocrx_word' id='word_1_107' title='bbox 757 1017 1064 1068; x_wconf 85' lang='lat' dir='ltr'>interrogationi</span> <span class='ocrx_word' id='word_1_108' title='bbox 1093 1017 1328 1067; x_wconf 83' lang='lat' dir='ltr'>immixtam,</span> <span class='ocrx_word' id='word_1_109' title='bbox 1357 1016 1626 1068; x_wconf 86' lang='lat' dir='ltr'>reputandum</span> <span class='ocrx_word' id='word_1_110' title='bbox 1655 1023 1717 1057; x_wconf 89' lang='lat' dir='ltr'>est</span> <span class='ocrx_word' id='word_1_111' title='bbox 1747 1032 1827 1057; x_wconf 86' lang='lat' dir='ltr'>non</span> <span class='ocrx_word' id='word_1_112' title='bbox 1858 1032 1945 1058; x_wconf 85' lang='lat' dir='ltr'>esse</span> <span class='ocrx_word' id='word_1_113' title='bbox 1976 1017 2078 1057; x_wconf 75' lang='lat' dir='ltr'>hanc</span> <span class='ocrx_word' id='word_1_114' title='bbox 2109 1018 2231 1057; x_wconf 84' lang='lat' dir='ltr'>inter-</span> 
     </span>
    </p>
   </div>
   <div class='ocr_carea' id='block_1_3' title="bbox 280 1085 2231 1142">
    <p class='ocr_par' dir='ltr' id='par_1_5' title="bbox 280 1085 2231 1142">
     <span class='ocr_line' id='line_1_13' title="bbox 280 1085 2231 1142; baseline -0.003 -12"><span class='ocrx_word' id='word_1_115' title='bbox 280 1088 551 1142; x_wconf 88' lang='lat' dir='ltr'>rogationem,</span> <span class='ocrx_word' id='word_1_116' title='bbox 583 1100 685 1139; x_wconf 86' lang='lat' dir='ltr'>quae</span> <span class='ocrx_word' id='word_1_117' title='bbox 716 1099 955 1138; x_wconf 87' lang='lat' dir='ltr'>responsum</span> <span class='ocrx_word' id='word_1_118' title='bbox 987 1090 1211 1139; x_wconf 81' lang='lat' dir='ltr'>exspectet,</span> <span class='ocrx_word' id='word_1_119' title='bbox 1242 1085 1314 1125; x_wconf 90' lang='lat' dir='ltr'>sed</span> <span class='ocrx_word' id='word_1_120' title='bbox 1343 1085 1620 1139; x_wconf 86' lang='lat' dir='ltr'>interrogandi</span> <span class='ocrx_word' id='word_1_121' title='bbox 1650 1087 1780 1126; x_wconf 86' lang='lat' dir='ltr'>forma</span> <span class='ocrx_word' id='word_1_122' title='bbox 1809 1092 1970 1140; x_wconf 90' lang='lat' dir='ltr'>poetam</span> <span class='ocrx_word' id='word_1_123' title='bbox 2001 1087 2231 1126; x_wconf 82' lang='lat' dir='ltr'>admiratio-</span> 
     </span>
    </p>
   </div>
   <div class='ocr_carea' id='block_1_4' title="bbox 278 1153 2228 1210">
    <p class='ocr_par' dir='ltr' id='par_1_6' title="bbox 278 1153 2228 1210">
     <span class='ocr_line' id='line_1_14' title="bbox 278 1153 2228 1210; baseline -0.001 -12"><span class='ocrx_word' id='word_1_124' title='bbox 278 1173 369 1198; x_wconf 88' lang='lat' dir='ltr'>nem</span> <span class='ocrx_word' id='word_1_125' title='bbox 404 1157 648 1210; x_wconf 83' lang='lat' dir='ltr'>exprimere,</span> <span class='ocrx_word' id='word_1_126' title='bbox 685 1156 800 1206; x_wconf 90' lang='lat' dir='ltr'>quasi</span> <span class='ocrx_word' id='word_1_127' title='bbox 836 1155 963 1204; x_wconf 88' lang='lat' dir='ltr'>dicat,</span> <span class='ocrx_word' id='word_1_128' title='bbox 998 1153 1076 1206; x_wconf 79' lang='lat' dir='ltr'>‘qui</span> <span class='ocrx_word' id='word_1_129' title='bbox 1110 1156 1276 1194; x_wconf 89' lang='lat' dir='ltr'>tandem</span> <span class='ocrx_word' id='word_1_130' title='bbox 1312 1156 1495 1195; x_wconf 89' lang='lat' dir='ltr'>homines</span> <span class='ocrx_word' id='word_1_131' title='bbox 1531 1157 1634 1196; x_wconf 91' lang='lat' dir='ltr'>adeo</span> <span class='ocrx_word' id='word_1_132' title='bbox 1674 1158 1786 1196; x_wconf 89' lang='lat' dir='ltr'>stulti</span> <span class='ocrx_word' id='word_1_133' title='bbox 1817 1164 1909 1196; x_wconf 88' lang='lat' dir='ltr'>sunt</span> <span class='ocrx_word' id='word_1_134' title='bbox 1940 1158 1991 1196; x_wconf 91' lang='lat' dir='ltr'>ob</span> <span class='ocrx_word' id='word_1_135' title='bbox 2022 1159 2228 1196; x_wconf 80' lang='lat' dir='ltr'>avaritiam</span> 
     </span>
    </p>
   </div>
   <div class='ocr_carea' id='block_1_5' title="bbox 277 1224 2226 1278">
    <p class='ocr_par' dir='ltr' id='par_1_7' title="bbox 277 1224 2226 1278">
     <span class='ocr_line' id='line_1_15' title="bbox 277 1224 2226 1278; baseline -0.002 -10"><span class='ocrx_word' id='word_1_136' title='bbox 277 1234 321 1268; x_wconf 90' lang='lat' dir='ltr'>ut</span> <span class='ocrx_word' id='word_1_137' title='bbox 362 1242 473 1267; x_wconf 89' lang='lat' dir='ltr'>suam</span> <span class='ocrx_word' id='word_1_138' title='bbox 513 1226 685 1278; x_wconf 90' lang='lat' dir='ltr'>quisque</span> <span class='ocrx_word' id='word_1_139' title='bbox 725 1230 875 1263; x_wconf 89' lang='lat' dir='ltr'>sortem</span> <span class='ocrx_word' id='word_1_140' title='bbox 914 1224 1115 1276; x_wconf 87' lang='lat' dir='ltr'>repudiet,</span> <span class='ocrx_word' id='word_1_141' title='bbox 1159 1225 1330 1264; x_wconf 89' lang='lat' dir='ltr'>alienam</span> <span class='ocrx_word' id='word_1_142' title='bbox 1369 1225 1569 1264; x_wconf 90' lang='lat' dir='ltr'>sectetur.&#39;</span> <span class='ocrx_word' id='word_1_143' title='bbox 1635 1226 1689 1264; x_wconf 81' lang='lat' dir='ltr'>Et</span> <span class='ocrx_word' id='word_1_144' title='bbox 1728 1225 1828 1265; x_wconf 86' lang='lat' dir='ltr'>haec</span> <span class='ocrx_word' id='word_1_145' title='bbox 1862 1226 1985 1278; x_wconf 85' lang='lat' dir='ltr'>igitur</span> <span class='ocrx_word' id='word_1_146' title='bbox 2022 1226 2226 1278; x_wconf 85' lang='lat' dir='ltr'>Hauptius</span> 
     </span>
    </p>
   </div>
   <div class='ocr_carea' id='block_1_6' title="bbox 244 1295 2226 2744">
    <p class='ocr_par' dir='ltr' id='par_1_8' title="bbox 244 1295 2226 2744">
     <span class='ocr_line' id='line_1_16' title="bbox 273 1295 2226 1349; baseline 0 -12"><span class='ocrx_word' id='word_1_147' title='bbox 273 1304 383 1337; x_wconf 86' lang='lat' dir='ltr'>recte</span> <span class='ocrx_word' id='word_1_148' title='bbox 414 1296 639 1349; x_wconf 81' lang='lat' dir='ltr'>perspexit,</span> <span class='ocrx_word' id='word_1_149' title='bbox 681 1308 756 1334; x_wconf 87' lang='lat' dir='ltr'>nec</span> <span class='ocrx_word' id='word_1_150' title='bbox 790 1295 895 1346; x_wconf 84' lang='lat' dir='ltr'>fugit</span> <span class='ocrx_word' id='word_1_151' title='bbox 929 1309 1018 1333; x_wconf 87' lang='lat' dir='ltr'>eum</span> <span class='ocrx_word' id='word_1_152' title='bbox 1054 1295 1392 1347; x_wconf 84' lang='lat' dir='ltr'>comparationem</span> <span class='ocrx_word' id='word_1_153' title='bbox 1430 1310 1453 1335; x_wconf 88' lang='lat' dir='ltr'>a</span> <span class='ocrx_word' id='word_1_154' title='bbox 1483 1296 1664 1336; x_wconf 88' lang='lat' dir='ltr'>curribus</span> <span class='ocrx_word' id='word_1_155' title='bbox 1700 1297 1867 1348; x_wconf 87' lang='lat' dir='ltr'>petitam</span> <span class='ocrx_word' id='word_1_156' title='bbox 1906 1310 2008 1347; x_wconf 90' lang='lat' dir='ltr'>quae</span> <span class='ocrx_word' id='word_1_157' title='bbox 2044 1297 2226 1337; x_wconf 80' lang='lat' dir='ltr'>versibus</span> 
     </span>
     <span class='ocr_line' id='line_1_17' title="bbox 275 1365 2225 1420; baseline -0.002 -12"><span class='ocrx_word' id='word_1_158' title='bbox 275 1368 503 1408; x_wconf 87' lang='lat'>114-116</span> <span class='ocrx_word' id='word_1_159' title='bbox 541 1365 756 1417; x_wconf 82' lang='lat' dir='ltr'>exponitur</span> <span class='ocrx_word' id='word_1_160' title='bbox 785 1378 867 1403; x_wconf 89' lang='lat' dir='ltr'>non</span> <span class='ocrx_word' id='word_1_161' title='bbox 898 1378 988 1404; x_wconf 90' lang='lat' dir='ltr'>cum</span> <span class='ocrx_word' id='word_1_162' title='bbox 1019 1365 1151 1406; x_wconf 83' lang='lat' dir='ltr'>verbis</span> <span class='ocrx_word' id='word_1_163' title='bbox 1181 1367 1234 1405; x_wconf 69' lang='lat' dir='ltr'>sie</span> <span class='ocrx_word' id='word_1_164' title='bbox 1258 1365 1471 1415; x_wconf 74' lang='lat' dir='ltr'>festinanti</span> <span class='ocrx_word' id='word_1_165' title='bbox 1499 1367 1618 1420; x_wconf 85' lang='lat'>(113)</span> <span class='ocrx_word' id='word_1_166' title='bbox 1650 1365 1860 1418; x_wconf 88' lang='lat' dir='ltr'>coniungi,</span> <span class='ocrx_word' id='word_1_167' title='bbox 1899 1380 2002 1417; x_wconf 87' lang='lat' dir='ltr'>quae</span> <span class='ocrx_word' id='word_1_168' title='bbox 2033 1366 2154 1419; x_wconf 80' lang='lat' dir='ltr'>vulgo</span> <span class='ocrx_word' id='word_1_169' title='bbox 2185 1367 2225 1406; x_wconf 92' lang='lat' dir='ltr'>in</span> 
     </span>
     <span class='ocr_line' id='line_1_18' title="bbox 270 1434 2223 1488; baseline -0.002 -10"><span class='ocrx_word' id='word_1_170' title='bbox 270 1452 391 1478; x_wconf 90' lang='lat' dir='ltr'>unam</span> <span class='ocrx_word' id='word_1_171' title='bbox 429 1435 652 1475; x_wconf 88' lang='lat' dir='ltr'>orationem</span> <span class='ocrx_word' id='word_1_172' title='bbox 689 1434 874 1473; x_wconf 87' lang='lat' dir='ltr'>connecti</span> <span class='ocrx_word' id='word_1_173' title='bbox 910 1434 1061 1473; x_wconf 88' lang='lat' dir='ltr'>solent:</span> <span class='ocrx_word' id='word_1_174' title='bbox 1107 1435 1261 1474; x_wconf 81' lang='lat' dir='ltr'>laboret.</span> <span class='ocrx_word' id='word_1_175' title='bbox 1302 1435 1367 1475; x_wconf 75' lang='lat' dir='ltr'>Sic</span> <span class='ocrx_word' id='word_1_176' title='bbox 1395 1434 1610 1485; x_wconf 64' lang='lat' dir='ltr'>festinanti</span> <span class='ocrx_word' id='word_1_177' title='bbox 1645 1450 1791 1488; x_wconf 75' lang='lat' dir='ltr'>semper</span> <span class='ocrx_word' id='word_1_178' title='bbox 1828 1436 2051 1488; x_wconf 68' lang='lat' dir='ltr'>locupletior</span> <span class='ocrx_word' id='word_1_179' title='bbox 2089 1437 2223 1485; x_wconf 67' lang='lat' dir='ltr'>obstat,</span> 
     </span>
     <span class='ocr_line' id='line_1_19' title="bbox 268 1502 2223 1560; baseline -0.002 -11"><span class='ocrx_word' id='word_1_180' title='bbox 268 1515 330 1558; x_wconf 82' lang='lat' dir='ltr'>ut,</span> <span class='ocrx_word' id='word_1_181' title='bbox 366 1520 454 1547; x_wconf 84' lang='lat' dir='ltr'>cum</span> <span class='ocrx_word' id='word_1_182' title='bbox 483 1503 700 1546; x_wconf 73' lang='lat' dir='ltr'>carceribus</span> <span class='ocrx_word' id='word_1_183' title='bbox 730 1508 826 1554; x_wconf 87' lang='lat' dir='ltr'>cet.,</span> <span class='ocrx_word' id='word_1_184' title='bbox 856 1502 927 1545; x_wconf 90' lang='lat' dir='ltr'>sed</span> <span class='ocrx_word' id='word_1_185' title='bbox 958 1504 1297 1558; x_wconf 84' lang='lat' dir='ltr'>comparationem</span> <span class='ocrx_word' id='word_1_186' title='bbox 1327 1505 1444 1546; x_wconf 89' lang='lat' dir='ltr'>istam</span> <span class='ocrx_word' id='word_1_187' title='bbox 1474 1505 1604 1545; x_wconf 88' lang='lat' dir='ltr'>redire</span> <span class='ocrx_word' id='word_1_188' title='bbox 1635 1505 1685 1545; x_wconf 86' lang='lat' dir='ltr'>ad</span> <span class='ocrx_word' id='word_1_189' title='bbox 1716 1505 1924 1559; x_wconf 88' lang='lat' dir='ltr'>superiora</span> <span class='ocrx_word' id='word_1_190' title='bbox 1955 1507 2073 1559; x_wconf 90' lang='lat'>(111)</span> <span class='ocrx_word' id='word_1_191' title='bbox 2106 1520 2223 1560; x_wconf 77' lang='lat' dir='ltr'>neque</span> 
     </span>
     <span class='ocr_line' id='line_1_20' title="bbox 267 1575 2218 1630; baseline -0.001 -12"><span class='ocrx_word' id='word_1_192' title='bbox 267 1592 305 1618; x_wconf 73' lang='lat' dir='ltr'>se</span> <span class='ocrx_word' id='word_1_193' title='bbox 332 1579 477 1617; x_wconf 80' lang='lat' dir='ltr'>maiori</span> <span class='ocrx_word' id='word_1_194' title='bbox 497 1577 780 1630; x_wconf 77' lang='lat' dir='ltr'>pauperiorum</span> <span class='ocrx_word' id='word_1_195' title='bbox 812 1575 945 1614; x_wconf 75' lang='lat' dir='ltr'>turbae</span> <span class='ocrx_word' id='word_1_196' title='bbox 974 1583 1184 1628; x_wconf 81' lang='lat' dir='ltr'>comparet,</span> <span class='ocrx_word' id='word_1_197' title='bbox 1216 1577 1317 1615; x_wconf 72' lang='lat' dir='ltr'>bunc</span> <span class='ocrx_word' id='word_1_198' title='bbox 1347 1584 1459 1628; x_wconf 83' lang='lat' dir='ltr'>atque</span> <span class='ocrx_word' id='word_1_199' title='bbox 1489 1577 1590 1615; x_wconf 64' lang='lat' dir='ltr'>laune</span> <span class='ocrx_word' id='word_1_200' title='bbox 1618 1591 1802 1628; x_wconf 69' lang='lat' dir='ltr'>superare</span> <span class='ocrx_word' id='word_1_201' title='bbox 1834 1577 1995 1625; x_wconf 79' lang='lat' dir='ltr'>laboret,</span> <span class='ocrx_word' id='word_1_202' title='bbox 2033 1577 2096 1616; x_wconf 87' lang='lat' dir='ltr'>cui</span> <span class='ocrx_word' id='word_1_203' title='bbox 2127 1592 2218 1616; x_wconf 85' lang='lat' dir='ltr'>scn-</span> 
     </span>
     <span class='ocr_line' id='line_1_21' title="bbox 265 1645 2217 1698; baseline -0.001 -11"><span class='ocrx_word' id='word_1_204' title='bbox 265 1648 415 1687; x_wconf 90' lang='lat' dir='ltr'>tentiae</span> <span class='ocrx_word' id='word_1_205' title='bbox 452 1647 667 1698; x_wconf 87' lang='lat' dir='ltr'>bipartitae</span> <span class='ocrx_word' id='word_1_206' title='bbox 708 1650 893 1684; x_wconf 87' lang='lat' dir='ltr'>accurate</span> <span class='ocrx_word' id='word_1_207' title='bbox 932 1645 1004 1683; x_wconf 89' lang='lat' dir='ltr'>sed</span> <span class='ocrx_word' id='word_1_208' title='bbox 1042 1645 1203 1684; x_wconf 79' lang='lat' dir='ltr'>inverso</span> <span class='ocrx_word' id='word_1_209' title='bbox 1243 1645 1382 1684; x_wconf 90' lang='lat' dir='ltr'>ordine</span> <span class='ocrx_word' id='word_1_210' title='bbox 1422 1645 1669 1697; x_wconf 90' lang='lat' dir='ltr'>respondent</span> <span class='ocrx_word' id='word_1_211' title='bbox 1710 1660 1813 1696; x_wconf 89' lang='lat' dir='ltr'>quae</span> <span class='ocrx_word' id='word_1_212' title='bbox 1850 1646 2009 1698; x_wconf 85' lang='lat' dir='ltr'>gemina</span> <span class='ocrx_word' id='word_1_213' title='bbox 2048 1653 2140 1686; x_wconf 90' lang='lat' dir='ltr'>sunt</span> <span class='ocrx_word' id='word_1_214' title='bbox 2178 1648 2217 1686; x_wconf 90' lang='lat' dir='ltr'>in</span> 
     </span>
     <span class='ocr_line' id='line_1_22' title="bbox 267 1714 2216 1770; baseline -0.002 -13"><span class='ocrx_word' id='word_1_215' title='bbox 267 1717 566 1770; x_wconf 85' lang='lat' dir='ltr'>comparatione</span> <span class='ocrx_word' id='word_1_216' title='bbox 601 1717 724 1754; x_wconf 73' lang='lat' dir='ltr'>instat</span> <span class='ocrx_word' id='word_1_217' title='bbox 757 1716 864 1767; x_wconf 63' lang='lat' dir='ltr'>equis</span> <span class='ocrx_word' id='word_1_218' title='bbox 897 1715 1042 1767; x_wconf 70' lang='lat' dir='ltr'>aurz‘ya</span> <span class='ocrx_word' id='word_1_219' title='bbox 1072 1728 1160 1754; x_wconf 71' lang='lat' dir='ltr'>suos</span> <span class='ocrx_word' id='word_1_220' title='bbox 1188 1715 1441 1764; x_wconf 66' lang='lat' dir='ltr'>vincentibus,</span> <span class='ocrx_word' id='word_1_221' title='bbox 1476 1714 1589 1754; x_wconf 80' lang='lat' dir='ltr'>illum</span> <span class='ocrx_word' id='word_1_222' title='bbox 1612 1717 1870 1767; x_wconf 74' lang='lat' dir='ltr'>praeteritum</span> <span class='ocrx_word' id='word_1_223' title='bbox 1902 1723 2068 1755; x_wconf 74' lang='lat' dir='ltr'>temnens</span> <span class='ocrx_word' id='word_1_224' title='bbox 2097 1724 2216 1755; x_wconf 70' lang='lat' dir='ltr'>extre-</span> 
     </span>
     <span class='ocr_line' id='line_1_23' title="bbox 264 1783 2215 1837; baseline -0.002 -11"><span class='ocrx_word' id='word_1_225' title='bbox 264 1801 343 1826; x_wconf 72' lang='lat' dir='ltr'>mos</span> <span class='ocrx_word' id='word_1_226' title='bbox 376 1788 478 1826; x_wconf 78' lang='lat' dir='ltr'>inter</span> <span class='ocrx_word' id='word_1_227' title='bbox 510 1792 670 1824; x_wconf 80' lang='lat' dir='ltr'>euntem.</span> <span class='ocrx_word' id='word_1_228' title='bbox 730 1784 876 1835; x_wconf 87' lang='lat' dir='ltr'>Itaque</span> <span class='ocrx_word' id='word_1_229' title='bbox 911 1789 956 1821; x_wconf 90' lang='lat' dir='ltr'>ut</span> <span class='ocrx_word' id='word_1_230' title='bbox 989 1783 1090 1822; x_wconf 87' lang='lat' dir='ltr'>haec</span> <span class='ocrx_word' id='word_1_231' title='bbox 1125 1798 1227 1835; x_wconf 90' lang='lat' dir='ltr'>quae</span> <span class='ocrx_word' id='word_1_232' title='bbox 1263 1798 1406 1824; x_wconf 90' lang='lat' dir='ltr'>sensus</span> <span class='ocrx_word' id='word_1_233' title='bbox 1443 1784 1600 1835; x_wconf 90' lang='lat' dir='ltr'>seiungi</span> <span class='ocrx_word' id='word_1_234' title='bbox 1634 1790 1742 1823; x_wconf 88' lang='lat' dir='ltr'>vetat</span> <span class='ocrx_word' id='word_1_235' title='bbox 1782 1785 1962 1824; x_wconf 89' lang='lat' dir='ltr'>oratione</span> <span class='ocrx_word' id='word_1_236' title='bbox 1998 1785 2215 1837; x_wconf 85' lang='lat' dir='ltr'>coniunge-</span> 
     </span>
     <span class='ocr_line' id='line_1_24' title="bbox 265 1853 2214 1908; baseline -0.001 -12"><span class='ocrx_word' id='word_1_237' title='bbox 265 1862 418 1906; x_wconf 88' lang='lat' dir='ltr'>rentur,</span> <span class='ocrx_word' id='word_1_238' title='bbox 447 1855 666 1908; x_wconf 85' lang='lat' dir='ltr'>Hauptius‚</span> <span class='ocrx_word' id='word_1_239' title='bbox 697 1854 869 1907; x_wconf 89' lang='lat' dir='ltr'>probata</span> <span class='ocrx_word' id='word_1_240' title='bbox 898 1867 1000 1905; x_wconf 88' lang='lat' dir='ltr'>quae</span> <span class='ocrx_word' id='word_1_241' title='bbox 1031 1858 1094 1893; x_wconf 85' lang='lat' dir='ltr'>est</span> <span class='ocrx_word' id='word_1_242' title='bbox 1122 1853 1163 1892; x_wconf 92' lang='lat' dir='ltr'>in</span> <span class='ocrx_word' id='word_1_243' title='bbox 1194 1854 1334 1906; x_wconf 85' lang='lat' dir='ltr'>paucis</span> <span class='ocrx_word' id='word_1_244' title='bbox 1365 1853 1572 1893; x_wconf 83' lang='lat' dir='ltr'>codicibus</span> <span class='ocrx_word' id='word_1_245' title='bbox 1604 1854 1803 1906; x_wconf 89' lang='lat' dir='ltr'>scriptura</span> <span class='ocrx_word' id='word_1_246' title='bbox 1828 1855 1944 1894; x_wconf 80' lang='lat' dir='ltr'>obstet</span> <span class='ocrx_word' id='word_1_247' title='bbox 1972 1856 2106 1907; x_wconf 88' lang='lat'>(113),</span> <span class='ocrx_word' id='word_1_248' title='bbox 2136 1855 2214 1895; x_wconf 90' lang='lat' dir='ltr'>hoc</span> 
     </span>
     <span class='ocr_line' id='line_1_25' title="bbox 263 1922 2212 1978; baseline -0.001 -12"><span class='ocrx_word' id='word_1_249' title='bbox 263 1926 511 1966; x_wconf 89' lang='lat' dir='ltr'>enuntiatum</span> <span class='ocrx_word' id='word_1_250' title='bbox 542 1924 742 1977; x_wconf 91' lang='lat' dir='ltr'>prioribus</span> <span class='ocrx_word' id='word_1_251' title='bbox 772 1924 829 1963; x_wconf 90' lang='lat' dir='ltr'>ita</span> <span class='ocrx_word' id='word_1_252' title='bbox 857 1922 1018 1963; x_wconf 84' lang='lat' dir='ltr'>adnecti</span> <span class='ocrx_word' id='word_1_253' title='bbox 1047 1923 1189 1973; x_wconf 89' lang='lat' dir='ltr'>voluit,</span> <span class='ocrx_word' id='word_1_254' title='bbox 1218 1928 1264 1963; x_wconf 89' lang='lat' dir='ltr'>ut</span> <span class='ocrx_word' id='word_1_255' title='bbox 1291 1937 1372 1964; x_wconf 91' lang='lat' dir='ltr'>uno</span> <span class='ocrx_word' id='word_1_256' title='bbox 1403 1922 1543 1964; x_wconf 89' lang='lat' dir='ltr'>ordine</span> <span class='ocrx_word' id='word_1_257' title='bbox 1574 1924 1708 1963; x_wconf 88' lang='lat' dir='ltr'>omnia</span> <span class='ocrx_word' id='word_1_258' title='bbox 1732 1924 1967 1976; x_wconf 85' lang='lat' dir='ltr'>pronomine</span> <span class='ocrx_word' id='word_1_259' title='bbox 1989 1924 2212 1978; x_wconf 86' lang='lat' dir='ltr'>interroga-</span> 
     </span>
     <span class='ocr_line' id='line_1_26' title="bbox 259 1992 2210 2049; baseline -0.001 -13"><span class='ocrx_word' id='word_1_260' title='bbox 259 1997 342 2036; x_wconf 82' lang='lat' dir='ltr'>tivo</span> <span class='ocrx_word' id='word_1_261' title='bbox 376 2001 628 2049; x_wconf 89' lang='lat' dir='ltr'>regerentur:</span> <span class='ocrx_word' id='word_1_262' title='bbox 668 1992 747 2046; x_wconf 87' lang='lat' dir='ltr'>‘qui</span> <span class='ocrx_word' id='word_1_263' title='bbox 782 2007 897 2033; x_wconf 90' lang='lat' dir='ltr'>nemo</span> <span class='ocrx_word' id='word_1_264' title='bbox 935 2007 977 2032; x_wconf 91' lang='lat' dir='ltr'>se</span> <span class='ocrx_word' id='word_1_265' title='bbox 1011 1993 1156 2045; x_wconf 85' lang='lat' dir='ltr'>probet</span> <span class='ocrx_word' id='word_1_266' title='bbox 1192 2006 1238 2032; x_wconf 89' lang='lat' dir='ltr'>ac</span> <span class='ocrx_word' id='word_1_267' title='bbox 1274 1993 1410 2045; x_wconf 91' lang='lat' dir='ltr'>potius</span> <span class='ocrx_word' id='word_1_268' title='bbox 1445 1992 1584 2032; x_wconf 86' lang='lat' dir='ltr'>laudet</span> <span class='ocrx_word' id='word_1_269' title='bbox 1619 1993 1778 2032; x_wconf 85' lang='lat' dir='ltr'>diversa</span> <span class='ocrx_word' id='word_1_270' title='bbox 1813 1998 1852 2032; x_wconf 91' lang='lat' dir='ltr'>et</span> <span class='ocrx_word' id='word_1_271' title='bbox 1887 1994 2069 2033; x_wconf 85' lang='lat' dir='ltr'>tabescat</span> <span class='ocrx_word' id='word_1_272' title='bbox 2100 1996 2210 2045; x_wconf 90' lang='lat' dir='ltr'>quod</span> 
     </span>
     <span class='ocr_line' id='line_1_27' title="bbox 258 2063 2209 2117; baseline -0.001 -12"><span class='ocrx_word' id='word_1_273' title='bbox 258 2066 388 2105; x_wconf 87' lang='lat' dir='ltr'>aliena</span> <span class='ocrx_word' id='word_1_274' title='bbox 418 2065 572 2117; x_wconf 87' lang='lat' dir='ltr'>capella</span> <span class='ocrx_word' id='word_1_275' title='bbox 601 2064 814 2104; x_wconf 87' lang='lat' dir='ltr'>distentius</span> <span class='ocrx_word' id='word_1_276' title='bbox 845 2068 961 2115; x_wconf 84' lang='lat' dir='ltr'>gerat</span> <span class='ocrx_word' id='word_1_277' title='bbox 989 2064 1087 2102; x_wconf 85' lang='lat' dir='ltr'>uber</span> <span class='ocrx_word' id='word_1_278' title='bbox 1116 2077 1247 2114; x_wconf 90' lang='lat' dir='ltr'>neque</span> <span class='ocrx_word' id='word_1_279' title='bbox 1277 2077 1319 2102; x_wconf 89' lang='lat' dir='ltr'>se</span> <span class='ocrx_word' id='word_1_280' title='bbox 1349 2063 1488 2102; x_wconf 88' lang='lat' dir='ltr'>maiori</span> <span class='ocrx_word' id='word_1_281' title='bbox 1517 2064 1804 2115; x_wconf 86' lang='lat' dir='ltr'>pauperiorum</span> <span class='ocrx_word' id='word_1_282' title='bbox 1833 2064 1975 2103; x_wconf 91' lang='lat' dir='ltr'>turbae</span> <span class='ocrx_word' id='word_1_283' title='bbox 2003 2072 2209 2116; x_wconf 80' lang='lat' dir='ltr'>comparet</span> 
     </span>
     <span class='ocr_line' id='line_1_28' title="bbox 260 2133 2209 2185; baseline -0.001 -10"><span class='ocrx_word' id='word_1_284' title='bbox 260 2135 332 2175; x_wconf 89' lang='lat' dir='ltr'>sed</span> <span class='ocrx_word' id='word_1_285' title='bbox 368 2135 475 2174; x_wconf 91' lang='lat' dir='ltr'>hunc</span> <span class='ocrx_word' id='word_1_286' title='bbox 510 2140 629 2185; x_wconf 86' lang='lat' dir='ltr'>atque</span> <span class='ocrx_word' id='word_1_287' title='bbox 666 2134 774 2172; x_wconf 88' lang='lat' dir='ltr'>hunc</span> <span class='ocrx_word' id='word_1_288' title='bbox 810 2147 999 2185; x_wconf 86' lang='lat' dir='ltr'>superare</span> <span class='ocrx_word' id='word_1_289' title='bbox 1034 2133 1208 2181; x_wconf 91' lang='lat' dir='ltr'>laboret,</span> <span class='ocrx_word' id='word_1_290' title='bbox 1248 2133 1306 2171; x_wconf 86' lang='lat' dir='ltr'>sic</span> <span class='ocrx_word' id='word_1_291' title='bbox 1340 2133 1548 2172; x_wconf 78' lang='lat' dir='ltr'>festinanti</span> <span class='ocrx_word' id='word_1_292' title='bbox 1583 2148 1741 2185; x_wconf 85' lang='lat' dir='ltr'>semper</span> <span class='ocrx_word' id='word_1_293' title='bbox 1774 2134 2015 2185; x_wconf 85' lang='lat' dir='ltr'>locupletior</span> <span class='ocrx_word' id='word_1_294' title='bbox 2050 2135 2209 2174; x_wconf 54' lang='lat' dir='ltr'>obstet?</span> 
     </span>
     <span class='ocr_line' id='line_1_29' title="bbox 252 2202 2206 2255; baseline 0 -11"><span class='ocrx_word' id='word_1_295' title='bbox 252 2205 346 2244; x_wconf 92' lang='lat' dir='ltr'>Hoc</span> <span class='ocrx_word' id='word_1_296' title='bbox 375 2204 475 2243; x_wconf 90' lang='lat' dir='ltr'>illud</span> <span class='ocrx_word' id='word_1_297' title='bbox 506 2208 567 2243; x_wconf 89' lang='lat' dir='ltr'>est</span> <span class='ocrx_word' id='word_1_298' title='bbox 597 2203 707 2254; x_wconf 90' lang='lat' dir='ltr'>quod</span> <span class='ocrx_word' id='word_1_299' title='bbox 736 2217 860 2242; x_wconf 90' lang='lat' dir='ltr'>unum</span> <span class='ocrx_word' id='word_1_300' title='bbox 889 2216 963 2242; x_wconf 90' lang='lat' dir='ltr'>nos</span> <span class='ocrx_word' id='word_1_301' title='bbox 994 2202 1176 2242; x_wconf 84' lang='lat' dir='ltr'>dubitare</span> <span class='ocrx_word' id='word_1_302' title='bbox 1208 2202 1382 2242; x_wconf 85' lang='lat' dir='ltr'>diximus</span> <span class='ocrx_word' id='word_1_303' title='bbox 1412 2216 1531 2253; x_wconf 89' lang='lat' dir='ltr'>quam</span> <span class='ocrx_word' id='word_1_304' title='bbox 1556 2202 1818 2255; x_wconf 88' lang='lat' dir='ltr'>probabiliter</span> <span class='ocrx_word' id='word_1_305' title='bbox 1844 2207 2057 2243; x_wconf 87' lang='lat' dir='ltr'>statuatur.</span> <span class='ocrx_word' id='word_1_306' title='bbox 2103 2203 2206 2244; x_wconf 84' lang='lat' dir='ltr'>Cum</span> 
     </span>
     <span class='ocr_line' id='line_1_30' title="bbox 254 2271 2204 2324; baseline -0.001 -11"><span class='ocrx_word' id='word_1_307' title='bbox 254 2274 357 2313; x_wconf 90' lang='lat' dir='ltr'>enim</span> <span class='ocrx_word' id='word_1_308' title='bbox 392 2273 546 2324; x_wconf 87' lang='lat' dir='ltr'>reliqua</span> <span class='ocrx_word' id='word_1_309' title='bbox 580 2272 787 2311; x_wconf 85' lang='lat' dir='ltr'>enuntiata</span> <span class='ocrx_word' id='word_1_310' title='bbox 822 2272 957 2311; x_wconf 86' lang='lat' dir='ltr'>omnia</span> <span class='ocrx_word' id='word_1_311' title='bbox 992 2285 1065 2311; x_wconf 89' lang='lat' dir='ltr'>sua</span> <span class='ocrx_word' id='word_1_312' title='bbox 1100 2276 1243 2323; x_wconf 90' lang='lat' dir='ltr'>sponte</span> <span class='ocrx_word' id='word_1_313' title='bbox 1274 2272 1315 2310; x_wconf 88' lang='lat' dir='ltr'>in</span> <span class='ocrx_word' id='word_1_314' title='bbox 1343 2285 1462 2311; x_wconf 89' lang='lat' dir='ltr'>unam</span> <span class='ocrx_word' id='word_1_315' title='bbox 1495 2276 1642 2311; x_wconf 89' lang='lat' dir='ltr'>coeant</span> <span class='ocrx_word' id='word_1_316' title='bbox 1672 2271 2092 2323; x_wconf 86' lang='lat' dir='ltr'>comprehensionem,</span> <span class='ocrx_word' id='word_1_317' title='bbox 2127 2273 2204 2312; x_wconf 77' lang='lat' dir='ltr'>hoc.</span> 
     </span>
     <span class='ocr_line' id='line_1_31' title="bbox 252 2340 2202 2390; baseline -0.001 -7"><span class='ocrx_word' id='word_1_318' title='bbox 252 2348 473 2384; x_wconf 82' lang='lat' dir='ltr'>extremum</span> <span class='ocrx_word' id='word_1_319' title='bbox 508 2347 548 2382; x_wconf 91' lang='lat' dir='ltr'>et</span> <span class='ocrx_word' id='word_1_320' title='bbox 582 2341 632 2382; x_wconf 91' lang='lat' dir='ltr'>ob</span> <span class='ocrx_word' id='word_1_321' title='bbox 667 2346 862 2381; x_wconf 87' lang='lat' dir='ltr'>mutatam</span> <span class='ocrx_word' id='word_1_322' title='bbox 896 2341 1090 2381; x_wconf 87' lang='lat' dir='ltr'>orationis</span> <span class='ocrx_word' id='word_1_323' title='bbox 1124 2341 1293 2380; x_wconf 89' lang='lat' dir='ltr'>formam</span> <span class='ocrx_word' id='word_1_324' title='bbox 1324 2355 1347 2380; x_wconf 86' lang='lat' dir='ltr'>a</span> <span class='ocrx_word' id='word_1_325' title='bbox 1377 2340 1521 2380; x_wconf 88' lang='lat' dir='ltr'>ceteris</span> <span class='ocrx_word' id='word_1_326' title='bbox 1551 2341 1786 2390; x_wconf 88' lang='lat' dir='ltr'>secernitur,</span> <span class='ocrx_word' id='word_1_327' title='bbox 1823 2347 1863 2379; x_wconf 90' lang='lat' dir='ltr'>et</span> <span class='ocrx_word' id='word_1_328' title='bbox 1893 2342 2093 2380; x_wconf 88' lang='lat' dir='ltr'>sententia</span> <span class='ocrx_word' id='word_1_329' title='bbox 2122 2356 2202 2381; x_wconf 91' lang='lat' dir='ltr'>non</span> 
     </span>
     <span class='ocr_line' id='line_1_32' title="bbox 250 2409 2200 2465; baseline -0.001 -14"><span class='ocrx_word' id='word_1_330' title='bbox 250 2418 331 2451; x_wconf 91' lang='lat' dir='ltr'>tam</span> <span class='ocrx_word' id='word_1_331' title='bbox 361 2412 561 2465; x_wconf 90' lang='lat' dir='ltr'>prioribus</span> <span class='ocrx_word' id='word_1_332' title='bbox 592 2411 813 2462; x_wconf 88' lang='lat' dir='ltr'>aequabilis</span> <span class='ocrx_word' id='word_1_333' title='bbox 845 2411 1036 2449; x_wconf 86' lang='lat' dir='ltr'>accedere</span> <span class='ocrx_word' id='word_1_334' title='bbox 1058 2425 1177 2462; x_wconf 89' lang='lat' dir='ltr'>quam</span> <span class='ocrx_word' id='word_1_335' title='bbox 1197 2410 1402 2462; x_wconf 85' lang='lat' dir='ltr'>proximae</span> <span class='ocrx_word' id='word_1_336' title='bbox 1423 2410 1637 2449; x_wconf 86' lang='lat' dir='ltr'>adnectere</span> <span class='ocrx_word' id='word_1_337' title='bbox 1658 2411 1856 2449; x_wconf 87' lang='lat' dir='ltr'>rationem</span> <span class='ocrx_word' id='word_1_338' title='bbox 1876 2410 2053 2450; x_wconf 89' lang='lat' dir='ltr'>videtur:</span> <span class='ocrx_word' id='word_1_339' title='bbox 2083 2409 2200 2450; x_wconf 57' lang='lat' dir='ltr'>*hunc</span> 
     </span>
     <span class='ocr_line' id='line_1_33' title="bbox 250 2479 2199 2533; baseline -0.001 -12"><span class='ocrx_word' id='word_1_340' title='bbox 250 2487 370 2533; x_wconf 88' lang='lat' dir='ltr'>atque</span> <span class='ocrx_word' id='word_1_341' title='bbox 406 2482 514 2520; x_wconf 89' lang='lat' dir='ltr'>hunc</span> <span class='ocrx_word' id='word_1_342' title='bbox 550 2495 740 2533; x_wconf 88' lang='lat' dir='ltr'>superare</span> <span class='ocrx_word' id='word_1_343' title='bbox 775 2481 949 2530; x_wconf 89' lang='lat' dir='ltr'>laborat,</span> <span class='ocrx_word' id='word_1_344' title='bbox 985 2480 1145 2531; x_wconf 88' lang='lat' dir='ltr'>quando</span> <span class='ocrx_word' id='word_1_345' title='bbox 1175 2480 1337 2531; x_wconf 90' lang='lat' dir='ltr'>quidem</span> <span class='ocrx_word' id='word_1_346' title='bbox 1367 2480 1425 2519; x_wconf 89' lang='lat' dir='ltr'>sic</span> <span class='ocrx_word' id='word_1_347' title='bbox 1453 2480 1659 2519; x_wconf 87' lang='lat' dir='ltr'>festinanti</span> <span class='ocrx_word' id='word_1_348' title='bbox 1688 2494 1905 2531; x_wconf 86' lang='lat' dir='ltr'>numquam</span> <span class='ocrx_word' id='word_1_349' title='bbox 1936 2479 2051 2520; x_wconf 87' lang='lat' dir='ltr'>deest</span> <span class='ocrx_word' id='word_1_350' title='bbox 2081 2495 2199 2532; x_wconf 90' lang='lat' dir='ltr'>quem</span> 
     </span>
     <span class='ocr_line' id='line_1_34' title="bbox 249 2549 2196 2604; baseline -0.001 -13"><span class='ocrx_word' id='word_1_351' title='bbox 249 2566 438 2603; x_wconf 89' lang='lat' dir='ltr'>superare</span> <span class='ocrx_word' id='word_1_352' title='bbox 469 2549 628 2604; x_wconf 86' lang='lat' dir='ltr'>cupiat.’</span> <span class='ocrx_word' id='word_1_353' title='bbox 673 2550 945 2601; x_wconf 85' lang='lat' dir='ltr'>Quamobrem</span> <span class='ocrx_word' id='word_1_354' title='bbox 971 2550 1105 2600; x_wconf 76' lang='lat' dir='ltr'>obstat,</span> <span class='ocrx_word' id='word_1_355' title='bbox 1137 2549 1246 2602; x_wconf 92' lang='lat' dir='ltr'>quod</span> <span class='ocrx_word' id='word_1_356' title='bbox 1271 2549 1373 2590; x_wconf 89' lang='lat' dir='ltr'>fides</span> <span class='ocrx_word' id='word_1_357' title='bbox 1396 2550 1612 2590; x_wconf 87' lang='lat' dir='ltr'>memoriae</span> <span class='ocrx_word' id='word_1_358' title='bbox 1633 2555 1780 2601; x_wconf 86' lang='lat' dir='ltr'>tuetur,</span> <span class='ocrx_word' id='word_1_359' title='bbox 1811 2550 2078 2602; x_wconf 88' lang='lat' dir='ltr'>retinendum,</span> <span class='ocrx_word' id='word_1_360' title='bbox 2109 2565 2196 2591; x_wconf 90' lang='lat' dir='ltr'>sen-</span> 
     </span>
     <span class='ocr_line' id='line_1_35' title="bbox 245 2620 2197 2674; baseline -0.001 -14"><span class='ocrx_word' id='word_1_361' title='bbox 245 2621 410 2662; x_wconf 88' lang='lat' dir='ltr'>tentiam</span> <span class='ocrx_word' id='word_1_362' title='bbox 441 2626 574 2661; x_wconf 88' lang='lat' dir='ltr'>autem</span> <span class='ocrx_word' id='word_1_363' title='bbox 605 2635 628 2660; x_wconf 86' lang='lat' dir='ltr'>a</span> <span class='ocrx_word' id='word_1_364' title='bbox 656 2620 856 2674; x_wconf 88' lang='lat' dir='ltr'>prioribus</span> <span class='ocrx_word' id='word_1_365' title='bbox 888 2624 1140 2674; x_wconf 85' lang='lat' dir='ltr'>segregatam</span> <span class='ocrx_word' id='word_1_366' title='bbox 1170 2620 1422 2674; x_wconf 88' lang='lat' dir='ltr'>parenthesis</span> <span class='ocrx_word' id='word_1_367' title='bbox 1443 2620 1572 2659; x_wconf 73' lang='lat' dir='ltr'>vicem</span> <span class='ocrx_word' id='word_1_368' title='bbox 1599 2620 1778 2659; x_wconf 89' lang='lat' dir='ltr'>obtinere</span> <span class='ocrx_word' id='word_1_369' title='bbox 1800 2621 2088 2670; x_wconf 84' lang='lat' dir='ltr'>existimamus,</span> <span class='ocrx_word' id='word_1_370' title='bbox 2119 2635 2197 2672; x_wconf 87' lang='lat' dir='ltr'>qua</span> 
     </span>
     <span class='ocr_line' id='line_1_36' title="bbox 244 2690 2196 2744; baseline 0 -14"><span class='ocrx_word' id='word_1_371' title='bbox 244 2691 453 2732; x_wconf 89' lang='lat' dir='ltr'>interiecta</span> <span class='ocrx_word' id='word_1_372' title='bbox 482 2691 581 2731; x_wconf 90' lang='lat' dir='ltr'>nihil</span> <span class='ocrx_word' id='word_1_373' title='bbox 610 2690 781 2744; x_wconf 90' lang='lat' dir='ltr'>impedit</span> <span class='ocrx_word' id='word_1_374' title='bbox 812 2704 892 2742; x_wconf 90' lang='lat' dir='ltr'>quo</span> <span class='ocrx_word' id='word_1_375' title='bbox 922 2691 1053 2731; x_wconf 89' lang='lat' dir='ltr'>minus</span> <span class='ocrx_word' id='word_1_376' title='bbox 1084 2691 1328 2744; x_wconf 85' lang='lat' dir='ltr'>comparatio</span> <span class='ocrx_word' id='word_1_377' title='bbox 1357 2691 1406 2730; x_wconf 89' lang='lat' dir='ltr'>iis</span> <span class='ocrx_word' id='word_1_378' title='bbox 1437 2691 1699 2730; x_wconf 87' lang='lat' dir='ltr'>adhaerescat</span> <span class='ocrx_word' id='word_1_379' title='bbox 1730 2691 1874 2742; x_wconf 88' lang='lat' dir='ltr'>quibus</span> <span class='ocrx_word' id='word_1_380' title='bbox 1906 2690 2062 2730; x_wconf 87' lang='lat' dir='ltr'>debeat.</span> <span class='ocrx_word' id='word_1_381' title='bbox 2113 2691 2196 2730; x_wconf 88' lang='lat' dir='ltr'>Ita-</span> 
     </span>
    </p>
   </div>
   <div class='ocr_carea' id='block_1_7' title="bbox 246 2760 1033 2813">
    <p class='ocr_par' dir='ltr' id='par_1_9' title="bbox 246 2760 1033 2813">
     <span class='ocr_line' id='line_1_37' title="bbox 246 2760 1033 2813; baseline 0 -14"><span class='ocrx_word' id='word_1_382' title='bbox 246 2775 323 2812; x_wconf 91' lang='lat' dir='ltr'>que</span> <span class='ocrx_word' id='word_1_383' title='bbox 353 2761 576 2801; x_wconf 86' lang='lat' dir='ltr'>orationem</span> <span class='ocrx_word' id='word_1_384' title='bbox 606 2762 665 2800; x_wconf 92' lang='lat' dir='ltr'>sic</span> <span class='ocrx_word' id='word_1_385' title='bbox 694 2760 1033 2813; x_wconf 84' lang='lat' dir='ltr'>interpunximus:</span> 
     </span>
    </p>
   </div>
   <div class='ocr_carea' id='block_1_8' title="bbox 430 2923 2193 2971">
    <p class='ocr_par' dir='ltr' id='par_1_10' title="bbox 430 2923 2193 2971">
     <span class='ocr_line' id='line_1_38' title="bbox 430 2923 2193 2971; baseline -0.001 -12"><span class='ocrx_word' id='word_1_386' title='bbox 430 2923 465 2969; x_wconf 75' lang='lat'>*)</span> <span class='ocrx_word' id='word_1_387' title='bbox 502 2924 588 2960; x_wconf 88' lang='lat' dir='ltr'>Non</span> <span class='ocrx_word' id='word_1_388' title='bbox 623 2925 702 2959; x_wconf 84' lang='lat' dir='ltr'>sine</span> <span class='ocrx_word' id='word_1_389' title='bbox 734 2926 853 2959; x_wconf 86' lang='lat' dir='ltr'>fructu</span> <span class='ocrx_word' id='word_1_390' title='bbox 885 2925 955 2959; x_wconf 90' lang='lat' dir='ltr'>hoc</span> <span class='ocrx_word' id='word_1_391' title='bbox 989 2924 1136 2959; x_wconf 89' lang='lat' dir='ltr'>nomine</span> <span class='ocrx_word' id='word_1_392' title='bbox 1170 2923 1431 2959; x_wconf 89' lang='lat' dir='ltr'>contendentur</span> <span class='ocrx_word' id='word_1_393' title='bbox 1464 2936 1557 2971; x_wconf 84' lang='lat' dir='ltr'>quae</span> <span class='ocrx_word' id='word_1_394' title='bbox 1584 2924 1790 2970; x_wconf 85' lang='lat' dir='ltr'>Xenophon</span> <span class='ocrx_word' id='word_1_395' title='bbox 1821 2924 1947 2959; x_wconf 87' lang='lat' dir='ltr'>scribit</span> <span class='ocrx_word' id='word_1_396' title='bbox 1975 2924 2010 2959; x_wconf 90' lang='lat' dir='ltr'>in</span> <span class='ocrx_word' id='word_1_397' title='bbox 2040 2924 2193 2960; x_wconf 84' lang='lat' dir='ltr'>historia</span> 
     </span>
    </p>
   </div>
   <div class='ocr_carea' id='block_1_9' title="bbox 239 2980 2192 3029">
    <p class='ocr_par' dir='ltr' id='par_1_11' title="bbox 239 2980 2192 3029">
     <span class='ocr_line' id='line_1_39' title="bbox 239 2980 2192 3029; baseline 0.001 -11"><span class='ocrx_word' id='word_1_398' title='bbox 239 2995 372 3029; x_wconf 78' lang='lat' dir='ltr'>graeca</span> <span class='ocrx_word' id='word_1_399' title='bbox 394 2984 428 3027; x_wconf 84' lang='grc'>2,</span> <span class='ocrx_word' id='word_1_400' title='bbox 450 2985 484 3028; x_wconf 80' lang='grc'>2,</span> <span class='ocrx_word' id='word_1_401' title='bbox 506 2988 525 3021; x_wconf 93' lang='grc'><strong>3</strong></span> <span class='ocrx_word' id='word_1_402' title='bbox 556 2982 682 3028; x_wconf 68' lang='grc' dir='ltr'>ἐκείνης</span> <span class='ocrx_word' id='word_1_403' title='bbox 709 2988 770 3029; x_wconf 70' lang='grc' dir='ltr'>τῆς</span> <span class='ocrx_word' id='word_1_404' title='bbox 798 2982 920 3023; x_wconf 72' lang='grc' dir='ltr'><em>νυκτδς</em></span> <span class='ocrx_word' id='word_1_405' title='bbox 949 2980 1060 3023; x_wconf 63' lang='grc' dir='ltr'><em>οὐδεὶς</em></span> <span class='ocrx_word' id='word_1_406' title='bbox 1087 2981 1269 3028; x_wconf 55' lang='grc' dir='ltr'><strong><em>ἐκοιμήθη,</em></strong></span> <span class='ocrx_word' id='word_1_407' title='bbox 1297 2985 1335 3021; x_wconf 85' lang='grc' dir='ltr'>ου’</span> <span class='ocrx_word' id='word_1_408' title='bbox 1362 2982 1460 3028; x_wconf 71' lang='grc' dir='ltr'><em>μένον</em></span> <span class='ocrx_word' id='word_1_409' title='bbox 1488 2983 1568 3023; x_wconf 69' lang='grc' dir='ltr'>τούς</span> <span class='ocrx_word' id='word_1_410' title='bbox 1596 2981 1825 3023; x_wconf 63' lang='grc' dir='ltr'>ἀπολωλᾶτας</span> <span class='ocrx_word' id='word_1_411' title='bbox 1852 2983 2068 3024; x_wconf 63' lang='grc' dir='ltr'><em>πενθοῦντες</em></span> <span class='ocrx_word' id='word_1_412' title='bbox 2095 2983 2192 3020; x_wconf 58' lang='lat' dir='ltr'>dm}</span> 
     </span>
    </p>
   </div>
   <div class='ocr_carea' id='block_1_10' title="bbox 239 3042 1949 3156">
    <p class='ocr_par' dir='ltr' id='par_1_12' title="bbox 239 3042 1949 3156">
     <span class='ocr_line' id='line_1_40' title="bbox 239 3042 879 3088; baseline 0.008 -7"><span class='ocrx_word' id='word_1_413' title='bbox 239 3042 329 3082; x_wconf 70' lang='grc' dir='ltr'><strong>πολι)</strong></span> <span class='ocrx_word' id='word_1_414' title='bbox 358 3047 493 3088; x_wconf 68' lang='grc' dir='ltr'>μᾶλλον</span> <span class='ocrx_word' id='word_1_415' title='bbox 521 3044 568 3084; x_wconf 79' lang='grc' dir='ltr'>ἔτι</span> <span class='ocrx_word' id='word_1_416' title='bbox 596 3043 694 3086; x_wconf 67' lang='grc' dir='ltr'><strong><em>αὐτοὶ</em></strong></span> <span class='ocrx_word' id='word_1_417' title='bbox 720 3043 879 3088; x_wconf 69' lang='grc' dir='ltr'>ἑαυτούς.</span> 
     </span>
     <span class='ocr_line' id='line_1_41' title="bbox 1891 3113 1949 3156; baseline 0 0"><span class='ocrx_word' id='word_1_418' title='bbox 1891 3113 1949 3156; x_wconf 50' lang='lat'>3*</span> 
     </span>
    </p>
   </div>
  </div>
 </body>
</html>
