2525 3497
1229 179 1357 238 13'

626 320 681 361 90
739 320 924 362 sedatum
955 318 1120 371 celeres,
1150 319 1298 373 agilem
1327 332 1586 373 gnavumque
1615 319 1786 371 remissi,

738 394 905 444 potores
934 394 1122 443 porrecta
1150 393 1367 443 negantem
1394 389 1555 443 pocula,
1585 389 1769 443 quamvis

631 461 683 501 93
740 464 962 500 nocturnos
992 459 1098 500 iures
1128 464 1169 500 te
1198 458 1414 499 formidare
1444 464 1618 513 tepores.

738 528 854 568 deme
884 528 1098 580 supercilio
1128 528 1294 576 nubem3
1324 529 1563 580 plerumque
1592 529 1801 569 modestus

627 599 679 637 95
738 603 911 651 occupat
940 597 1104 638 obscuri
1133 597 1323 650 speciem,
1353 598 1578 637 taciturnus
1609 598 1756 637 acerbi.

285 668 335 708 In
370 668 433 708 his
469 682 652 721 quoque,
689 667 766 707 nisi
801 681 876 707 nos
912 681 1055 707 sensus
1087 667 1256 720 decipit,
1294 666 1347 706 ad
1376 667 1615 707 sententiam
1646 668 1807 720 quidem
1837 668 1956 718 nihil,
1991 668 2159 707 multum
2190 667 2242 707 ad

287 738 512 778 orationem
541 737 808 777 desideratur.
866 736 971 777 Cum
1001 737 1106 777 enim
1129 744 1285 790 potores
1315 736 1571 789 appellentur
1600 738 1718 777 etiam
1750 751 1840 777 cum
1872 752 1950 778 non
1981 738 2125 778 bibunt
2156 740 2243 789 (ve-

285 807 346 848 lut
375 822 437 861 ep.
463 809 500 857 1,
524 808 588 858 19,
610 807 674 860 3),
709 806 910 847 sententia
943 811 1102 860 poterat
1131 806 1199 846 illa
1227 805 1390 858 quidem
1420 821 1541 859 quam
1570 806 1804 848 brevissime
1835 814 1875 848 et
1905 813 1949 847 ut
1979 807 2030 847 ad
2060 807 2243 860 superio-

285 891 373 917 rum
402 877 572 916 formam
601 876 816 916 accederet
845 876 924 916 hoc
953 876 1073 915 modo
1104 875 1234 915 efferri
1261 873 1440 928 ‘potores
1472 876 1683 929 (oderunt)
1715 890 1898 915 severum
1929 877 2013 929 (vel
2043 877 2242 928 sobrium)

286 952 326 986 et
361 943 528 986 contra?
584 944 670 985 Sed
705 959 796 985 cum
824 945 1021 985 Horatius
1057 945 1166 984 dicat
1200 959 1282 984 non
1316 945 1493 985 sobrium
1523 943 1591 984 vel>
1624 959 1808 985 severum
1845 946 1918 986 sed
1951 951 2140 998 porrecta
2173 959 2243 984 ne-

288 1021 452 1070 gantem
480 1015 627 1068 pocula
657 1019 697 1054 et
725 1015 759 1055 is
790 1030 951 1056 causam
983 1029 1054 1055 cur
1078 1020 1201 1067 neget
1221 1014 1344 1054 addat
1364 1014 1566 1055 affirmans
1587 1022 1805 1055 nocturnos
1828 1031 1871 1055 se
1892 1015 2108 1056 formidare
2129 1022 2243 1067 tepo-

286 1099 372 1136 res,
407 1089 557 1125 certam
593 1082 873 1124 condicionem
907 1084 1085 1137 cogitare
1121 1099 1201 1136 qua
1237 1084 1327 1135 quis
1362 1088 1592 1135 porrectum
1622 1085 1813 1137 poculum
1843 1084 2029 1137 repudiet
2060 1090 2101 1124 et
2129 1084 2244 1136 quasi

288 1152 490 1205 quandam
521 1167 681 1192 scenam
712 1152 931 1205 depingere
962 1152 1132 1203 videtur,
1169 1167 1261 1192 cum
1290 1152 1407 1191 alteri
1435 1158 1575 1204 potare
1607 1154 1791 1205 cupiunt,
1828 1153 1893 1192 hic
1923 1168 2019 1192 vero
2051 1168 2094 1193 se
2124 1158 2245 1204 neget

286 1228 445 1275 partem
474 1228 684 1275 capturum
716 1236 880 1262 causam
909 1237 1012 1275 quae
1042 1222 1278 1262 dehortetur
1306 1222 1524 1274 professus.
1574 1222 1668 1262 Hoc
1697 1228 1830 1262 autem
1861 1223 2069 1262 consilium
2100 1228 2244 1275 poetae

290 1305 338 1331 ex
368 1291 447 1331 illis
476 1291 610 1332 verbis
646 1291 680 1331 si
709 1297 819 1332 recte
850 1292 1096 1346 colligimus,
1131 1292 1275 1332 mirum
1306 1297 1369 1332 est
1398 1292 1631 1341 Horatium,
1668 1305 1759 1331 cum
1787 1300 1942 1345 potores
1971 1291 2078 1331 nude
2107 1292 2245 1345 appel-

287 1360 389 1400 laret
422 1360 534 1400 nulla
567 1361 763 1415 temporis
800 1366 869 1400 aut
899 1360 1148 1401 condicionis
1178 1366 1276 1400 nota
1305 1360 1481 1411 adiecta,
1515 1360 1691 1414 lepidam
1722 1376 1843 1414 quam
1872 1361 2076 1401 inchoavit
2105 1361 2245 1413 imagi-

289 1445 381 1470 nem
410 1431 685 1483 imperfectam
715 1431 962 1472 destituisse.
1008 1431 1221 1470 Desiderio
1253 1437 1391 1470 nostro
1423 1430 1584 1471 abunde
1614 1432 1710 1471 satis
1736 1432 1782 1470 fit
1802 1447 1921 1471 versu
1941 1437 2105 1484 recepto
2127 1446 2245 1483 quem

289 1500 380 1541 libri
410 1506 621 1542 testantur.

746 1569 920 1612 oderunt
949 1569 1118 1610 hilarem
1148 1569 1284 1610 tristes
1315 1568 1551 1622 tristemque
1581 1570 1720 1621 iocosi,

638 1642 691 1679 90
748 1639 933 1679 sedatum
964 1640 1128 1689 celeres,
1158 1639 1303 1691 agilem
1335 1653 1590 1693 gnavumque
1620 1641 1788 1689 remissi,

671 1733 719 1739 —
750 1714 915 1761 potores
944 1710 1070 1748 bibuli
1100 1709 1233 1748 media
1261 1709 1311 1747 de
1340 1715 1458 1748 nocte
1487 1709 1649 1747 Falerni

748 1777 919 1819 oderunt
947 1784 1137 1831 porrecta
1166 1782 1385 1832 negantem
1415 1777 1575 1830 pocula,
1606 1778 1787 1830 quamvis

638 1848 690 1887 93
747 1852 967 1888 nocturnos
997 1848 1105 1888 iures
1134 1852 1174 1887 te
1202 1846 1418 1887 formidare
1449 1852 1624 1899 tepores.

293 1919 343 1959 In
373 1917 506 1958 verbis
536 1916 686 1957 additis
715 1916 816 1956 nihil
845 1922 907 1957 est
935 1916 1045 1968 quod
1073 1917 1157 1956 iure
1187 1915 1515 1969 reprehendatur.
1560 1915 1668 1955 Nam
1697 1915 1920 1966 Bentleius,
1950 1917 2020 1968 qui
2050 1917 2247 1969 suspicio-

293 2002 385 2029 nem
425 1986 587 2039 quidem
625 1986 752 2026 movit
788 1986 838 2026 de
877 1986 1031 2039 origine
1071 1999 1211 2026 versus
1240 1986 1290 2024 91
1329 1985 1370 2024 in
1407 1984 1610 2024 nonnullis
1649 1985 1761 2025 libris
1801 1986 1958 2035 omissi,
2004 1986 2078 2026 sed
2114 1991 2247 2026 tamen

294 2055 548 2098 emendando
583 2056 620 2095 ei
655 2069 888 2095 succurrere
923 2055 1080 2105 maluit,
1116 2055 1234 2094 nimis
1268 2054 1404 2106 inique
1441 2054 1602 2108 singula
1630 2054 1933 2107 interpretatur,
1971 2069 2061 2094 cum
2092 2055 2248 2108 vitupe-

293 2133 356 2166 rat
377 2134 532 2180 potores
562 2126 698 2176 bibuli,
727 2126 844 2178 quasi
874 2126 985 2165 dicas
1007 2133 1161 2178 potores
1187 2132 1380 2177 potantes:
1413 2131 1454 2163 at
1482 2124 1679 2164 Horatius
1710 2139 1790 2163 non
1813 2133 1968 2177 potores
1998 2126 2145 2164 bibulos
2176 2125 2248 2165 sed

286 2203 441 2251 potores
465 2196 611 2236 bibulos
630 2195 797 2235 Falerni
824 2194 1040 2248 appellavit
1070 2194 1108 2233 h.
1132 2209 1164 2233 e.
1194 2198 1357 2247 potores
1389 2193 1457 2246 qui
1485 2193 1630 2233 bibunt
1655 2193 1719 2233 vel
1750 2194 1886 2233 bibere
1918 2194 2087 2248 cupiunt
2111 2195 2248 2234 vinum

293 2266 532 2316 Falernum,
568 2280 648 2318 quo
685 2265 784 2305 nihil
820 2270 881 2305 est
909 2265 1060 2317 aptius3
1097 2269 1166 2303 aut
1194 2271 1349 2317 potores
1377 2264 1506 2303 media
1537 2265 1583 2303 de
1610 2271 1717 2303 nocte
1747 2264 1911 2314 bibulos,
1947 2278 2028 2316 quo
2057 2265 2158 2304 haec
2188 2265 2247 2303 in-

296 2340 391 2388 epta
426 2348 514 2375 esse
546 2335 723 2384 evincat,
759 2334 887 2374 siccos
917 2348 964 2373 ac
994 2334 1152 2374 sobrios
1183 2347 1273 2373 esse
1304 2333 1477 2373 affirmat
1507 2338 1577 2373 aut
1605 2334 1776 2373 maxime
1806 2334 2060 2385 negotiosos,
2098 2334 2248 2386 quippe

295 2405 364 2458 qui
398 2419 480 2444 non
510 2404 640 2445 solido
671 2403 721 2443 de
751 2403 815 2443 die
845 2403 918 2443 sed
948 2403 997 2443 de
1027 2403 1158 2443 media
1187 2407 1308 2442 nocte
1337 2408 1478 2455 potare
1508 2402 1720 2455 incipiant:
1757 2408 1798 2441 at
1828 2402 2027 2442 Horatius
2057 2404 2248 2442 convivas

296 2474 500 2528 significat
528 2474 598 2526 qui
628 2471 739 2513 πότου
765 2470 942 2525 προϊόντος
972 2473 1079 2512 circa
1102 2471 1275 2512 mediam
1296 2477 1456 2512 noctem
1477 2471 1683 2511 meliorem
1703 2477 1841 2511 notam
1860 2472 1998 2511 bibere
2018 2472 2247 2512 instituunt.

299 2542 435 2593 Quare
471 2556 576 2594 quae
609 2543 770 2583 restitui
804 2543 921 2582 iussit
948 2549 1102 2594 potores
1133 2542 1276 2594 liquidi
1302 2541 1427 2580 media
1458 2542 1503 2579 de
1533 2542 1615 2580 luce
1643 2541 1823 2590 Falerni,
1860 2555 1908 2579 ex
1938 2555 2058 2580 versu
2088 2548 2251 2594 sumpta

298 2612 368 2665 qui
397 2626 459 2665 ep.
484 2614 521 2663 1,
545 2613 609 2662 14,
630 2612 682 2652 34
711 2610 873 2664 legitur,
907 2625 1017 2664 quem
1047 2610 1222 2651 bibulum
1252 2610 1395 2664 liquidi
1421 2610 1550 2650 media
1580 2610 1627 2649 de
1656 2610 1737 2649 luce
1765 2609 1931 2649 Falerni
1963 2610 2060 2661 (scis
2089 2610 2249 2663 fuisse),

297 2696 377 2721 non
413 2686 476 2721 est
509 2680 619 2733 quod
653 2681 790 2720 dedita
825 2695 947 2732 opera
981 2681 1242 2734 exagitemus.
1300 2681 1359 2719 At
1386 2680 1618 2720 Meinekius
1652 2680 1722 2718 illa
1750 2680 1872 2718 verba
1901 2693 1981 2717 non
2011 2680 2252 2732 corrigenda

298 2751 371 2792 sed
401 2750 572 2792 delenda
602 2765 689 2791 esse
719 2749 930 2800 iudicavit3
960 2751 1095 2804 itaque
1121 2751 1200 2791 iam
1227 2764 1318 2791 cum
1343 2749 1517 2803 primum
1542 2748 1668 2790 edidit
1687 2748 1900 2790 Horatium
1927 2764 1961 2789 a.
1978 2760 2250 2790 MDcccxxxv

296 2819 474 2862 inductis
504 2819 645 2862 mediis
674 2834 798 2860 unum
829 2834 878 2860 ex
907 2819 1066 2862 duobus
1095 2834 1256 2861 versum
1286 2818 1420 2860 effecit
1447 2818 1527 2860 hoc
1555 2818 1677 2859 modo

643 2892 692 2930 91
752 2896 917 2943 potores
949 2891 1092 2944 [bibuli
1120 2890 1253 2930 media
1280 2890 1330 2930 de
1359 2895 1480 2930 nocte
1510 2890 1673 2930 Falerni

752 2959 939 3013 oderunt]
969 2964 1157 3013 porrecta
1184 2965 1400 3012 negantem
1429 2959 1588 3012 pocula,
1618 2959 1800 3011 'quamvis

645 3030 696 3069 93
753 3035 975 3071 nocturnos
1005 3030 1113 3070 iures
1141 3034 1183 3070 te
1211 3029 1428 3070 formidare
1456 3035 1639 3082 tepores;
