2525 3497
1231 195 1261 238 4

262 319 368 359 inter
404 333 448 360 se
482 318 706 375 iungantur
739 320 774 359 εἰ
800 319 899 373 quid
926 320 1082 358 urimur
1111 333 1190 359 non
1214 328 1375 373 praeter
1404 321 1560 360 solitum
1591 321 1685 360 leves
1714 319 1754 359 h.
1783 334 1836 370 e.,
1873 324 1920 359 ut
1948 318 2028 359 iam
2056 318 2229 373 intelligi

263 394 446 442 oportet,
474 387 571 431 ‘non
601 390 708 430 ultra
736 389 901 430 modum
937 388 1076 440 leves',
1112 395 1152 429 et
1182 391 1353 432 orationi
1383 396 1574 432 venustas
1605 404 1706 443 quae
1737 389 2042 430 desiderabatur
2070 389 2230 431 reddita

265 473 354 499 esse
386 465 427 499 et
450 474 543 500 vere
574 473 717 500 sensus
747 459 917 499 indicari
938 459 1100 498 videtur
1129 473 1210 511 quo
1233 461 1429 501 Horatius
1461 460 1638 500 earmina
1667 459 1860 499 amatoria
1887 459 2057 499 fundere
2088 459 2229 510 soleat,

266 535 312 568 ut
348 543 451 581 quae
490 543 533 569 se
568 529 678 569 dicat
708 543 880 569 vacuum
918 543 1054 570 amore
1090 530 1326 582 plerumque
1362 529 1426 568 vel
1462 531 1495 570 si
1531 544 1613 569 non
1643 543 1816 569 vacuum
1850 534 1958 569 certe
1993 543 2075 569 non
2109 529 2227 570 nimis

265 599 412 639 amoris
448 598 612 638 levitate
648 599 849 639 irretitum
886 614 1143 653 componere.
1207 597 1331 652 Quod
1367 600 1400 640 si
1430 605 1537 639 recte
1567 599 1771 649 statuitur,
1807 598 1929 651 paulo
1960 599 2132 639 fortasse
2163 611 2229 637 ac-

264 667 558 708 commodatius
597 668 648 708 ad
683 674 858 710 mentem
893 675 1040 721 poetae
1077 684 1217 710 versus
1256 669 1585 722 undevigesimus
1620 669 1675 707 ita
1712 668 1984 721 distinguetur
2018 676 2225 708 cantamus

268 737 395 785 vacui,
426 737 503 775 sive
532 738 629 790 quid
657 739 824 777 urimur.
885 738 1016 778 Usum
1048 745 1180 778 autem
1211 740 1286 778 sive
1316 737 1535 791 particulae
1566 751 1686 788 quem
1714 736 1900 777 volumus
1932 737 2094 790 saepius
2125 736 2232 790 apud

268 804 488 844 Horatium
520 805 716 857 offendas,
745 807 871 857 velut,
902 813 948 846 ut
976 821 1106 859 pauca
1137 809 1369 861 seligamus,
1400 806 1446 846 C.
1473 809 1508 856 1,
1533 808 1595 856 15,
1617 807 1668 845 25

773 881 950 928 urguent
979 876 1172 928 impavidi
1202 882 1242 915 te
1274 875 1515 916 Salaminius

775 944 945 994 Teucer,
975 949 1017 983 te
1049 945 1268 986 Sthenelus
1302 946 1434 985 sciens

667 1029 717 1068 ‘25
775 1043 950 1082 pugnae,
981 1030 1067 1069 sive
1099 1043 1202 1082 opus
1234 1034 1296 1069 est
1325 1028 1554 1081 imperitare
1585 1028 1713 1079 equis,

775 1113 857 1138 non
888 1099 1028 1152 auriga
1057 1098 1187 1151 piger.

268 1150 314 1191 C.
342 1153 378 1202 1,
401 1153 466 1203 32,
490 1154 511 1191 7

1090 1224 1164 1262 age
1195 1209 1260 1248 dic
1291 1209 1496 1255 Latinum,

773 1278 942 1328 barbite,
974 1292 1149 1327 carmen,

692 1375 714 1399 ο
772 1361 926 1401 Lesbio
956 1362 1130 1414 primum
1160 1360 1363 1399 modulate
1394 1361 1487 1409 civi,

774 1432 842 1482 qui
873 1431 986 1470 ferox
1016 1431 1123 1470 bello
1153 1435 1289 1469 tamen
1318 1430 1422 1468 inter
1452 1444 1574 1480 arma,

774 1499 859 1539 sive
891 1500 1080 1540 iactatam
1110 1499 1301 1552 religarat
1330 1498 1410 1538 udo

774 1568 893 1608 litore
923 1569 1073 1618 navim,

271 1704 305 1743 C
342 1705 365 1743 3
402 1706 451 1743 27
491 1704 540 1743 61
776 1651 972 1692 Liberum
1004 1658 1043 1693 et
1071 1667 1207 1694 musas
1229 1652 1509 1704 Veneremque
1542 1682 1577 1691 ..
1609 1651 1792 1692 canebat,

309 1734 317 1743 ⁶
370 1734 380 1754 7
458 1733 468 1754 7

777 1761 869 1802 vilis
898 1762 1078 1816 Europe,
1107 1768 1225 1816 pater
1255 1769 1401 1816 urguet
1431 1762 1592 1812 absens,

779 1833 876 1886 quid
906 1835 1007 1875 mori
1039 1833 1199 1874 cessas?
1248 1839 1364 1887 potes
1395 1833 1471 1873 hac
1501 1833 1550 1873 ab
1580 1847 1679 1873 orno

776 1903 999 1956 pendulum
1029 1918 1130 1942 zona
1159 1904 1262 1942 bene
1292 1909 1331 1941 te
1363 1908 1500 1941 secuta
1530 1911 1570 1940 e-

667 1974 719 2011 60
776 1974 902 2013 lidere
933 1975 1096 2023 collum,

781 2058 866 2097 sive
896 2063 935 2097 te
965 2072 1084 2108 rupes
1116 2064 1154 2097 et
1184 2062 1301 2096 acuta
1330 2056 1409 2096 leto

780 2141 878 2167 saxa
908 2125 1127 2177 delectant,
1158 2141 1234 2180 age
1264 2132 1303 2165 te
1334 2124 1535 2178 procellae

782 2195 902 2236 crede
932 2195 1079 2245 veloci3
1110 2195 1187 2236 nisi
1218 2195 1313 2236 erile
1343 2195 1472 2235 mavis

781 2279 945 2317 carpere
975 2279 1158 2317 pensum.

277 2333 392 2383 Quae
427 2335 667 2386 plerumque
704 2349 785 2373 non
821 2335 918 2373 satis
954 2339 1063 2372 recte
1093 2335 1325 2385 interpuugi
1357 2334 1507 2373 solent:
1547 2334 1693 2372 etenim
1725 2333 1825 2373 duae
1856 2334 2117 2374 condiciones
2147 2348 2232 2373 mo-

275 2402 405 2443 riendi
440 2408 742 2457 proponuntur,
772 2400 903 2456 ‘potes
938 2402 1015 2443 hac
1051 2402 1101 2443 ab
1138 2416 1236 2442 orno
1273 2401 1496 2456 pendulum
1526 2416 1628 2442 zona
1657 2402 1803 2443 collum
1834 2402 2000 2454 elidere,
2035 2402 2099 2442 vel
2129 2403 2163 2443 si
2192 2407 2232 2442 te

275 2485 397 2525 rupes
428 2477 468 2512 et
496 2478 618 2512 acuta
647 2486 745 2512 saxa
775 2471 991 2522 delectant,
1020 2472 1222 2524 procellae
1253 2477 1293 2511 te
1324 2471 1462 2520 crede3
1492 2471 1570 2510 nisi
1599 2472 1722 2511 vitam
1752 2473 1938 2512 servilem
1967 2472 2087 2511 morti
2117 2485 2233 2524 prae-

274 2541 482 2582 ferendam
513 2541 655 2582 ducis?
710 2542 843 2595 Epod.
871 2543 933 2591 17,
956 2543 1006 2581 38

927 2612 1059 2653 iussas
1088 2627 1179 2652 cum
1209 2612 1289 2652 fide
1318 2626 1471 2665 poenas
1502 2611 1622 2662 luam,

782 2687 947 2734 paratus
979 2682 1153 2734 expiare,
1184 2696 1256 2721 seu
1285 2681 1520 2734 poposceris

783 2757 944 2789 centum
975 2751 1183 2800 iuvencos,
1214 2751 1298 2790 sive
1330 2750 1512 2789 mendaci
1542 2750 1630 2802 lyra.

674 2821 727 2858 40
784 2820 896 2858 voles
927 2820 1060 2859 sonari
1088 2817 1146 2858 ‘tu
1176 2819 1339 2871 pudica,
1368 2826 1412 2858 tu
1441 2818 1590 2871 proba’,

785 2887 1087 2940 perambulabis
1118 2893 1229 2927 astra
1259 2887 1370 2927 sidus
1401 2902 1578 2927 aureum.

280 2958 350 3000 Sic
381 2958 652 3008 distinximus,
683 2971 785 3010 quae
817 2971 997 2997 seorsum
1029 2957 1078 2996 ab
1109 2957 1196 2996 aliis
1225 2957 1538 3009 interpretamur
1572 2955 1751 3010 ‘paratus
1782 2958 1957 3011 expiare,
1987 2958 2019 2997 si
2049 2957 2112 2997 vel
2142 2973 2236 2997 cen-

280 3035 367 3070 tum
395 3028 588 3067 iuvencos
618 3026 876 3081 poposceris,
912 3027 974 3066 vel
1005 3026 1038 3066 si
1068 3025 1253 3066 mendaci
1282 3026 1368 3079 lyra
1397 3026 1509 3066 voles
1540 3027 1674 3067 sonari
1702 3025 1768 3066 “tu
1797 3027 1965 3080 pudica,
1999 3031 2044 3066 tu
2072 3026 2236 3080 proba”,
